3146 5192
618 1065 693 1133 ecl.

1 1321 2 1343 2
71 1262 141 1330 Ax
157 1265 224 1350 apri
239 1265 462 1350 ledptaloonolc
472 1264 613 1347 jeleate'so
630 1260 698 1328 III.
716 1265 827 1330 madre
841 1266 1005 1353 kirdlyboz
1019 1292 1040 1331 o
1066 1267 1223 1336 Rimccia

292 1381 372 1436 uenti
379 1371 501 1458 fctum
519 1383 628 1438 tortott
655 1373 906 1459 butdrjdrdcro'l.
925 1375 1022 1440 1298.

202 1567 484 1634 Excellentissimc
500 1566 631 1634 domino
647 1587 706 1634 suo
722 1565 852 1636 Andree
876 1569 938 1635 Dei
964 1571 1077 1652 gracia
1099 1571 1223 1639 Illustri
1253 1603 1256 1610 ·

1 1670 2 1679 ’
88 1676 179 1757 Regi
189 1675 357 1759 Hungarie
373 1673 559 1760 Capitulum
574 1675 719 1742 Ecclesie
735 1675 905 1760 Agriensis
920 1677 1091 1746 oraciones
1106 1679 1139 1744 in
1156 1680 1222 1746 Do·

1 1851 2 1856 ,
89 1783 182 1848 mino
198 1800 272 1847 cnm
298 1787 455 1867 perpetua
479 1779 648 1847 fidelitate.
674 1781 826 1866 Receptis
849 1782 968 1850 litteris
984 1783 1225 1852 memorialibus

1 1922 2 1927 =
90 1887 229 1955 &mitis
243 1887 415 1954 Benedicti
430 1887 629 1955 Viceiudicts
647 1889 742 1956 Curio
757 1895 864 1956 uestro
874 1909 932 1974 per
949 1891 1106 1958 Comitem
1117 1893 1223 1978 Nycc·

1 1989 2 2076 ξ
87 1997 181 2063 laum
195 1995 298 2062 filium
312 1995 462 2082 Nycclay
478 1995 519 2062 dc
534 2015 655 2080 genere
680 1997 923 2083 Hnnthpaznan
941 1999 1034 2066 nobis
1059 1997 1225 2082 exhibitis,

91 2103 243 2172 misimus
260 2103 422 2171 hominem
447 2109 602 2189 nostrum,
628 2122 738 2172 coram
764 2123 827 2186 qno
852 2104 967 2172 Comes
992 2105 1114 2174 Paulos
1139 2105 1225 2172 lilius

1 2241 2 2296 3
93 2212 222 2297 Irizlay
238 2212 333 2276 bomo
349 2216 460 2278 uester
474 2209 645 2278 accederet
668 2229 767 2294 super
790 2209 909 2278 faciem
932 2212 1101 2280 cuiusdam
1126 2213 1226 2300 parti·

1 2320 2 2350 ³
93 2319 167 2386 cnle
183 2325 268 2384 terre
284 2317 488 2385 contenciose
503 2319 588 2386 inter
603 2317 710 2404 ipsum
727 2314 882 2384 Comitem
898 2318 1121 2403 Nycolaumct
1131 2339 1226 2388 vene·

1 2421 2 2459 i
97 2423 235 2492 rabilem
251 2429 377 2507 patrem
394 2424 559 2492 dominum
576 2423 759 2491 Jobannem
774 2424 1061 2512 Arcbiepisccpum
1072 2425 1226 2495 Oolocen·

86 2551 164 2598 sem
181 2531 350 2617 Rymccha
370 2539 491 2618 uocate,
507 2531 580 2598 veui
596 2537 733 2615 quatuor
748 2541 927 2600 aratrorum
954 2535 1155 2621 sufficientis,
1179 2535 1226 2600 vi-

1 2623 2 2692 }
96 2639 218 2705 delicet
232 2639 267 2704 in
283 2639 378 2706 terris
394 2637 587 2722 arabilibus,
604 2638 709 2724 pratis
726 2646 758 2706 et
773 2639 868 2706 siluis
884 2662 891 2724 ;
909 2647 940 2707 ct
966 2642 1081 2710 Comes
1105 2641 1227 2710 Paulus

1 2814 3 2838 Γ
97 2743 248 2813 officialis
263 2745 411 2814 eiusdem
426 2744 549 2812 domini
565 2742 822 2834 Arcbiepiscopi‚
847 2747 900 2813 cni
924 2749 1019 2815 ambe
1045 2759 1155 2832 partes
1178 2750 1224 2818 ta·

1 2845 2 2904 ἶ
86 2858 184 2918 -etom
215 2849 318 2938 ipsius
349 2851 511 2938 particule
535 2859 622 2919 terre
647 2851 873 2920 commiserunt
897 2854 1123 2943 decidendum,
1140 2857 1226 2924 inter

1 2997 2 3042 3
97 2959 338 3044 possessionem
354 2959 552 3028 antedictum
569 2960 689 3045 prelati
704 2958 829 3029 domini
845 2960 1092 3048 Archippiscopi
1108 2966 1224 3048 Rymo·

1 3104 2 3112 κ
89 3065 162 3133 oba
176 3073 338 3150 vocatam,
356 3076 389 3134 et
404 3067 489 3134 inter
504 3068 744 3154 possessionem
770 3069 908 3136 Comitis
935 3068 1087 3154 Nycolay
1110 3089 1227 3138 memo·

99 3176 167 3243 cati
181 3175 334 3260 Kecbege
349 3182 509 3263 vocatam,
525 3175 610 3243 inter
626 3195 709 3260 quas
724 3179 799 3261 ipsa
823 3178 992 3245 contencio
1017 3188 1088 3244 crta
1112 3177 1227 3262 iuerat,

99 3282 303 3367 presentibus
320 3283 433 3350 eodem
449 3284 577 3368 homine
593 3293 701 3353 uestro
718 3292 750 3350 et
764 3285 950 3352 testimonio
965 3291 1087 3372 nostro,
1113 3291 1227 3354 octono

93 3391 154 3458 die
169 3389 353 3458 residencic
369 3391 529 3477 presentis
546 3392 708 3459 exercitus
724 3391 827 3459 uestri
843 3389 983 3475 erigeret
1008 3400 1114 3458 motas
1137 3392 1229 3458 iuxta

1 3583 2 3596 ἵ
101 3499 219 3566 seitnm
234 3518 341 3583 snum,
367 3506 399 3565 et
424 3499 602 3566 secundum
628 3500 714 3584 quod
738 3500 851 3567 eedem
875 3507 987 3584 partes
1011 3499 1228 3586 possessionis

100 3605 246 3692 ipsarum
260 3606 408 3694 parcium
423 3625 480 3691 per
496 3608 604 3693 ipsum
622 3604 777 3674 Comitem
793 3607 931 3674 Paulum
949 3605 1100 3675 distincte
1115 3607 1230 3675 tierent

9 3795 14 3803 q
102 3723 134 3782 et
148 3711 245 3780 metis
262 3719 420 3798 separate,
437 3713 523 3779 idem
539 3714 691 3782 dominus
716 3713 992 3801 Arobiepiscopus
1019 3721 1050 3781 et
1074 3716 1146 3800 ipse
1170 3714 1230 3782 Oo-

102 3840 169 3887 mes
186 3819 351 3907 Nyeolans
368 3818 524 3888 deberent
541 3841 616 3889 esse
629 3823 780 3910 contenti,
808 3841 870 3889 neo
894 3823 960 3889 ullo
986 3842 1128 3906 unquam
1153 3829 1230 3890 tem-

104 3947 219 4014 porum
235 3945 395 4010 processu
410 3927 499 3996 litem
527 3936 662 4016 possent
678 3950 778 4014 super
794 3928 855 3996 hoc
880 3931 1066 3997 susseitare.
1093 3933 1230 3998 Demum

1 4085 2 4088 η
103 4033 187 4104 idem
203 4033 300 4103 homo
316 4041 425 4103 noster
440 4057 512 4102 cum
528 4037 608 4123 ipsis
625 4037 749 4104 Comite
765 4038 912 4124 Nycclao
928 4045 961 4106 et
977 4037 1102 4106 comite
1127 4038 1231 4104 Paulo

96 4141 237 4209 xofficiali
254 4142 401 4209 eiusdem
417 4143 542 4209 domini
558 4144 804 4230 Arebiepiscopi
820 4145 864 4212 ad
878 4164 937 4211 nos
963 4165 1113 4213 reuersus
1139 4145 1232 4212 nobis

103 4247 273 4333 recitauit;
293 4248 379 4332 quod
394 4250 428 4315 in
444 4249 602 4336 predictis
618 4253 745 4318 octenis
760 4251 846 4317 idem
872 4251 987 4319 Comes
1012 4252 1136 4320 Paulus
1161 4271 1232 4336 pre·

104 4364 196 4424 sente
212 4355 326 4424 eodem
342 4363 376 4422 ct
391 4355 521 4424 bomine
538 4365 646 4426 uestro
674 4377 771 4444 super
796 4357 915 4426 faciem
939 4359 1042 4446 ipsius
1068 4359 1230 4446 particule

105 4473 190 4530 terre
207 4466 412 4532 contenciose
439 4465 665 4553 comparando,
699 4487 771 4532 cum
796 4463 909 4533 codem
936 4468 1062 4534 comite
1087 4467 1232 4553 Nycolao

98 4573 287 4641 erexissent
301 4575 407 4638 metas
424 4591 525 4656 super
540 4571 664 4657 eadem,
679 4591 815 4655 quarum
840 4579 999 4639 metarum
1025 4593 1139 4641 cursus
1164 4593 1236 4658 pro·

1 4729 2 4732 η
100 4679 193 4748 cedit
206 4683 243 4745 in
259 4678 344 4744 bunc
360 4677 511 4747 modum:
527 4679 636 4745 Primo
653 4679 768 4766 incipit
792 4681 884 4747 iuxta
909 4679 1041 4747 fluuium
1067 4681 1174 4766 Byma
1198 4681 1234 4746 in
