3146 5192
608 961 686 1028 180.

97 1163 143 1224 Aa
160 1161 238 1246 egri
252 1161 469 1248 kdptolaunak
479 1157 836 1247 bizoayadpleuele,ltoqy
846 1161 1000 1226 Petbouei
1010 1161 1101 1225 Pe'ter
1114 1170 1233 1242 mester,

95 1296 110 1336 a
126 1271 248 1335 annale
262 1271 400 1336 roloonao'
417 1271 551 1354 Ma‘tyda
568 1273 600 1335 ds
616 1273 771 1352 torruerat,
786 1270 933 1355 bizonyos
940 1267 1125 1354 javaikboo
1135 1277 1229 1334 meror

541 1377 682 1443 botones.
690 1373 788 1442 1297.

213 1571 374 1640 Omnibus
392 1569 513 1640 christi
528 1571 678 1639 fidelibus
694 1579 761 1639 tam
776 1573 982 1659 presentibus
997 1591 1093 1658 quarn
1114 1571 1230 1638 sutoris

92 1699 238 1764 presens
253 1681 410 1766 seriptum
421 1680 617 1765 inspecturis
634 1679 820 1764 Capitulum
836 1679 981 1748 Ecclesie
997 1677 1166 1763 Agrieusis
1178 1698 1229 1744 sa·

93 1787 199 1853 lutem
217 1789 253 1853 in
269 1789 410 1854 omnium
427 1789 601 1855 saluatore.
617 1786 669 1854 Ad
687 1787 911 1855 uniuersorum
939 1789 1093 1854 noticiam
1121 1794 1230 1854 tenore

95 1893 306 1980 presencium
321 1895 468 1961 volumus
494 1894 685 1979 peruenire:
714 1893 802 1978 quod
826 1896 983 1979 Magister
1006 1895 1122 1961 Petrus
1145 1893 1231 1962 tilius

0 2000 1 2019 ¹
96 1999 188 2066 Petri
206 2001 248 2068 de
262 2000 409 2067 Petbune
425 2020 465 2068 ex
481 2021 548 2066 vna
563 2007 664 2086 parte,
680 2003 721 2068 ab
747 2001 852 2067 altera
877 2022 954 2069 voro
978 2002 1120 2070 Mathias
1145 1999 1230 2066 filius

97 2108 257 2175 (lorrardi
274 2108 531 2192 consangeineos
549 2108 693 2176 eiusdem
709 2129 769 2194 pro
785 2128 829 2192 se,
849 2117 881 2176 et
896 2129 955 2194 pro
971 2109 1066 2176 Buda
1081 2129 1121 2176 aa
1146 2107 1229 2174 'lho-

97 2237 150 2284 ma
160 2217 320 2284 iratribus
330 2216 397 2282 suis
413 2235 524 2282 eoram
540 2215 634 2282 nobis
650 2215 865 2302 personaliter
881 2217 1050 2284 constituti
1066 2216 1231 2296 dixerunt,

96 2324 185 2408 quod
201 2327 236 2390 in
253 2323 447 2408 quibusdam
462 2323 727 2408 possessionibus
753 2326 897 2410 ipsorum
914 2325 1123 2410 bereditarijs
1149 2325 1226 2391 Roa-

97 2431 174 2498 wad
192 2439 227 2498 et
243 2431 450 2514 Zebegunew
465 2431 589 2498 voeatis
606 2432 673 2497 tale
688 2432 773 2498 inter
791 2451 826 2498 se
843 2453 883 2499 ex
898 2433 1104 2518 beneplacito
1125 2433 1230 2517 partis

95 2540 266 2623 utriusque
280 2538 434 2606 fecissent
451 2539 693 2624 concambium
710 2540 797 2623 quod
821 2539 907 2607 idem
924 2541 1080 2625 Magister
1106 2539 1227 2607 Petrus

99 2645 223 2716 dietam
241 2648 482 2733 possessionem
498 2667 590 2712 suam
607 2646 749 2713 Rozwad
766 2666 837 2714 oum
855 2649 1006 2716 omnibus
1034 2647 1230 2714 utilitatibus

95 2754 164 2820 suis
183 2756 245 2822 sub
262 2755 384 2822 eisdem
400 2753 497 2822 eertis
514 2757 607 2822 metis
625 2791 907 2806 -----
925 2763 1019 2840 pater
1029 2775 1105 2822 suus
1118 2755 1228 2839 etipse

99 2865 299 2945 possederat,
317 2861 461 2930 dedisset
477 2873 509 2928 et
527 2861 716 2929 tradidisset
734 2863 817 2949 ipsis
834 2862 910 2930 liliis
938 2861 1090 2929 Corrardi
1118 2866 1150 2930 et
1176 2861 1228 2927 he-

97 2969 228 3036 redibus
246 3003 527 3018 -----
542 2969 683 3038 dandam
700 2977 733 3035 et
748 2968 952 3046 habendam
969 2971 1003 3034 in
1029 2970 1121 3036 euius
1150 2987 1225 3034 eon-

100 3077 263 3148 oambium
278 3075 378 3160 ijdem
393 3076 450 3160 filij
475 3075 640 3161 (lorrardy
671 3076 754 3144 duas
787 3077 965 3161 particulas
997 3073 1165 3143 cuiusdam
1183 3109 1226 3124 -·

100 3222 142 3232 —
161 3221 202 3232 -
224 3225 263 3233 -
283 3218 322 3228 -
341 3184 380 3251 de
397 3184 486 3250 diota
501 3191 591 3251 terra
606 3185 803 3267 Zebeguneu
821 3205 841 3249 a
858 3191 950 3269 parte
967 3184 1117 3251 orientali
1143 3183 1229 3248 inter

100 3291 231 3360 fluuium
248 3291 421 3359 Werbolob
437 3293 557 3359 dietum
576 3300 608 3358 et
624 3293 707 3358 inter
734 3327 1010 3344 -----
1023 3290 1112 3357 Petri
1124 3288 1227 3356 Zeeob

101 3401 302 3466 nominatam
318 3399 463 3487 iacentis,
481 3399 579 3466 simul
596 3419 668 3465 oum
686 3399 872 3485 attineneijs
890 3400 958 3466 suis
985 3399 1148 3467 uniuersis
1174 3395 1227 3463 de·

104 3508 227 3576 dissent
239 3517 272 3576 et
282 3509 493 3577 tradidissent
498 3545 808 3558 -------
814 3516 845 3575 et
855 3509 921 3578 suis
932 3507 1105 3576 heredibus
1116 3507 1226 3574 simili·

103 3619 149 3682 ter
165 3623 323 3706 perpetuo
338 3617 408 3683 iure
426 3624 459 3682 et
474 3617 731 3684 irreuoeabiliter
746 3617 933 3684 habendam
946 3621 978 3684 et
987 3617 1169 3686 tenendam.
1185 3652 1221 3664 -

104 3758 143 3772 ·-
154 3761 194 3772 -
211 3767 248 3775 -
263 3725 395 3792 heredes
406 3743 515 3791 eoram
531 3725 627 3791 nobis
643 3725 687 3790 ad
703 3725 764 3791 boe
775 3724 958 3809 obligarunt
970 3749 977 3789 :
991 3725 1075 3811 quod
1087 3727 1221 3811 quicun-

104 3852 164 3916 que
180 3851 335 3918 praeessu
350 3833 505 3916 temporis
523 3833 611 3916 ipsos
628 3851 725 3918 super
742 3867 1085 3883 ——————
1111 3832 1226 3898 nitere·

104 3947 162 4026 tur,
180 3961 253 4007 sese
270 3939 408 4006 iuuieenr
426 3938 599 4006 defendere
616 3947 648 4008 et
666 3939 821 4024 expedire
841 3940 985 4027 proprijs
1002 3940 1168 4006 laboribns
1194 3943 1226 4003 et

103 4049 249 4133 expensis
277 4082 553 4098 ------
586 4085 623 4096 -
651 4049 747 4115 terris
773 4047 994 4132 indempniter
1020 4063 1223 4113 conseruare.

102 4153 136 4219 lu
153 4155 243 4221 ouius
259 4173 317 4240 rey
342 4155 560 4222 testimonium
588 4155 630 4222 ad
656 4156 851 4222 instanoiam
881 4191 1159 4202 -----
1185 4153 1247 4219 si·¹

104 4261 170 4343 gilli
186 4260 286 4328 nostri
303 4259 482 4330 munimine
498 4261 678 4329 roboratas.
695 4263 908 4330 Presentibus
934 4268 1041 4328 tamen
1067 4260 1226 4344 Magistro

104 4367 237 4454 Mathya
250 4367 390 4436 Cantors
409 4403 745 4421 ------
762 4369 883 4456 Paeha,
901 4370 1043 4455 Symone
1070 4367 1109 4432 de
1133 4367 1225 4435 Zem-

105 4476 168 4565 lyn,
184 4478 347 4545 Bernaldo
362 4477 402 4546 de
419 4479 574 4566 Sumbun,
592 4478 738 4564 Nyeolao
755 4479 797 4544 de
813 4477 946 4564 Borsua,
962 4477 989 4544 P
1005 4515 1050 4530 -
1065 4513 1110 4528 -··
1119 4513 1163 4526 -
1177 4511 1223 4526 -

105 4587 258 4654 -altero
268 4623 553 4639 -----
568 4586 675 4653 Heues
689 4583 938 4656 Arohidianonis
956 4593 987 4656 et
1001 4585 1077 4670 alijs
1102 4583 1223 4651 multis.
