3132 5192
321 1237 395 1305 ¹III.
423 1242 532 1305 Eodre
562 1238 733 1324 leirdlyoak
765 1237 870 1302 Becco
903 1234 1056 1318 helyseqet
1087 1231 1246 1316 tdryyced
1273 1225 1457 1308 adomdaya.

585 1346 692 1410 Paeti
707 1345 815 1409 Jakat
830 1365 930 1408 cornea
945 1345 1101 1406 ezdmdrc.
1121 1333 1219 1398 1292.

443 1577 591 1646 Andreas
615 1577 676 1642 Dei
693 1573 804 1657 gracia
820 1571 986 1656 Hungarie
996 1619 1005 1654 ,
1030 1565 1219 1645 Dalmacie,
1237 1563 1379 1644 Oroacie,
1393 1565 1461 1628 tta-

331 1707 381 1752 me
390 1737 400 1768 ,
418 1685 549 1768 Seruie,
565 1682 724 1762 Gallicie,
739 1679 940 1762 Lodomerie‚
958 1673 1115 1742 Cumanis
1142 1669 1363 1754 Balgarieque
1385 1671 1458 1734 Rex

331 1794 479 1858 omnibus
497 1788 616 1855 Christi
632 1787 783 1854 fidelibus
809 1793 874 1850 tarn
901 1781 1105 1868 presentibus
1136 1799 1234 1861 quam
1252 1775 1370 1841 futuris
1384 1795 1460 1858 pre·
1565 1798 1566 1801 ¹

331 1919 406 1966 sens
423 1899 578 1982 seriptum
599 1893 792 1980 inspecturis
810 1892 948 1958 salutem
965 1891 998 1954 in
1015 1887 1158 1954 omnium
1174 1885 1354 1950 saluatore.
1371 1882 1462 1946 Licet

331 2008 434 2088 Regia
451 2005 631 2072 liberalitas
656 2003 857 2083 singulorum
882 1999 945 2065 sibi
969 1995 1107 2062 fideliter
1128 1993 1380 2075 obsequencium
1395 2009 1460 2054 mc·

330 2115 393 2179 rita
406 2113 552 2198 graciose
568 2111 687 2178 debeat
696 2109 812 2173 intueri
824 2133 832 2189 ;
843 2107 916 2172 illos
942 2111 1058 2186 tamen,
1084 2121 1218 2186 quorum
1235 2107 1373 2182 experta
1387 2116 1462 2181 prc-

333 2218 419 2284 bitas
442 2227 475 2282 et
490 2218 625 2300 laudata
649 2222 699 2282 est
724 2217 758 2281 in
774 2213 940 2298 prosperis
971 2218 1004 2277 et
1020 2210 1179 2293 aduersis,
1196 2207 1294 2270 debet
1309 2201 1463 2289 prosequi

336 2323 560 2390 munificencia
575 2321 720 2405 largiori.
738 2323 918 2404 Eapropter
944 2318 986 2382 ad
1003 2316 1227 2380 uniuersorum
1244 2318 1312 2375 tam
1330 2329 1461 2392 preasu-

337 2432 419 2495 cium
431 2449 526 2512 quam
538 2428 714 2494 futurorum
725 2425 875 2493 noticiam
886 2427 999 2490 harum
1011 2423 1095 2489 serie
1106 2423 1257 2487 volumus
1272 2415 1457 2502 pervenire,

340 2535 555 2620 quodncbilis
576 2535 625 2600 vir
636 2534 752 2600 Comes
771 2533 916 2599 Jacobus
933 2531 1019 2596 lilius
1045 2527 1183 2612 Gregori
1207 2526 1248 2592 de
1268 2523 1363 2590 Pauk
1381 2521 1464 2586 dile-

334 2651 403 2708 ctus
420 2652 451 2709 et
469 2642 573 2709 tidelis
585 2649 693 2707 noster
703 2641 746 2703 ad
757 2638 936 2704 Maiestatis
949 2643 1057 2703 nostre
1073 2635 1234 2702 accedens
1244 2630 1461 2716 presenciam,

331 2757 363 2814 et
378 2769 435 2814 sue
451 2749 617 2814 fidelitatis
633 2747 771 2812 seruicia
787 2747 879 2812 nobis
895 2761 1077 2829 proponens
1095 2749 1127 2806 et
1144 2739 1330 2819 declarans,
1358 2755 1461 2819 quan·

332 2855 405 2919 dam
422 2861 541 2920 terram
558 2875 615 2920 seu
632 2853 870 2937 possessionem
896 2851 1001 2915 Bezeu
1028 2855 1156 2914 vectam
1185 2845 1227 2910 ad
1253 2851 1398 2908 castrum
1410 2861 1462 2904 no-

333 2967 434 3025 strum
450 2960 617 3042 Hungwar
627 2966 847 3041 nuncupatum
857 2955 1083 3040 pertinentem,
1096 2959 1128 3019 et
1144 2973 1183 3018 eu
1200 2971 1238 3017 eo
1264 2957 1377 3016 nostre
1403 2949 1463 3013 ool·

332 3066 450 3133 lacioui
467 3067 507 3131 de
527 3067 596 3130 iure
613 3066 749 3131 attinere
764 3081 924 3146 asserens,
953 3081 1011 3144 pro
1037 3060 1190 3125 fidelibus
1216 3057 1369 3140 seruicijs
1396 3055 1464 3121 suis

335 3173 508 3256 meritorijs
539 3174 667 3237 anobis
692 3171 753 3237 sibi
772 3168 842 3234 dari
862 3165 902 3250 flet
928 3167 1065 3232 conferri
1091 3172 1246 3250 perpetuo
1273 3163 1463 3248 postulauit.

333 3279 451 3343 Verum
469 3277 546 3360 quia
563 3275 603 3342 de
619 3276 778 3358 qualitate
795 3273 1237 3356 etquautitateipsiusterrc,
1255 3277 1287 3334 et
1302 3277 1410 3334 utrum
1422 3269 1463 3332 sit

332 3391 483 3449 terraseu
500 3386 664 3467 possessio
678 3381 783 3447 Casiri
794 3381 894 3447 nostri
910 3379 1058 3464 predicti,
1070 3385 1104 3444 et
1113 3377 1278 3462 pertineat
1289 3376 1331 3442 de
1341 3373 1462 3441 iuread

332 3495 474 3554 nostram
491 3489 703 3555 collacionem
729 3508 789 3553 nec
804 3507 864 3571 ue,
884 3486 976 3552 nobis
991 3487 1114 3551 veritas
1130 3505 1194 3550 uon
1221 3485 1416 3550 constabat:
1434 3481 1464 3544 fi-

333 3593 460 3658 delibus
475 3594 595 3658 nostris
612 3591 764 3676 Capitulo
781 3591 927 3659 Ecclesia
941 3590 1113 3673 Agrieusis
1130 3610 1189 3674 per
1198 3597 1331 3655 nostras
1340 3591 1463 3656 litteras
1564 3587 1565 3622 ³

336 3697 485 3763 dedimus
501 3699 534 3762 in
551 3697 723 3782 mandatis,
738 3705 773 3764 vt
788 3720 886 3765 vnum
917 3717 958 3764 ex
974 3698 1058 3782 ipsis
1072 3696 1238 3762 mitterent
1263 3693 1462 3779 tidedignum

334 3821 392 3888 pro
401 3803 590 3868 testimonio
608 3821 716 3868 coram
734 3823 796 3885 quo
812 3803 998 3869 Feliciauus
1015 3801 1056 3869 ds
1066 3800 1237 3868 Matheuth
1254 3801 1389 3883 iobagio
1405 3799 1460 3865 Ga·
1564 3821 1565 3826 ¹

335 3909 393 3974 stri
419 3909 521 3974 nostri
537 3909 580 3974 de
595 3908 693 3991 Huug
708 3907 803 3974 homo
818 3917 927 3976 noster
953 3907 1089 3998 eandem
1114 3914 1235 3974 terram
1261 3927 1322 3974 seu
1338 3925 1460 3991 posses·
1565 3902 1566 3959 ἶ

333 4015 455 4082 sionem
472 4015 578 4083 Bezsu
603 4015 636 4080 in
663 4015 824 4081 Comitatu
850 4012 891 4080 de
915 4015 1013 4097 Huug
1037 4015 1231 4080 existentem
1257 4013 1461 4097 presentibus
1564 4103 1565 4106 Ἴ

333 4122 563 4186 commetaneis
577 4127 610 4186 et
626 4119 740 4187 vicinis
755 4121 915 4186 uniuersis
933 4120 1164 4204 reambularet‚
1176 4125 1209 4185 et
1234 4119 1383 4204 predicto
1409 4119 1460 4184 Oo-

332 4226 402 4292 miti
412 4227 533 4294 Jacobo
543 4233 708 4312 statueret,
726 4229 754 4291 si
771 4246 835 4290 uon
852 4227 941 4290 tieret
959 4224 1198 4292 contradictum
1209 4222 1461 4312 ,contradictori
1564 4297 1565 4308 ἵ

332 4334 391 4398 bus
407 4333 450 4400 ad
467 4339 608 4398 nostram
626 4331 826 4416 presenciam
855 4331 1007 4398 euocatis.
1024 4331 1181 4408 Quinctiis
1198 4331 1408 4416 postmodum
1420 4348 1461 4393 re·
1564 4401 1565 4404 Ἴ

332 4440 527 4521 seripserunt
542 4439 576 4503 in
592 4438 650 4505 hec
668 4441 788 4504 verba:

440 4544 720 4613 Excellentissimo
736 4543 939 4609 dominusne
957 4543 1089 4610 domino
1106 4543 1239 4612 Andree
1256 4546 1320 4613 stb.
1340 4543 1461 4630 (hovet-
