3132 5192
615 305 659 370 is

84 503 192 570 eciam
210 521 278 569 rna
293 501 389 570 alteri
405 501 548 588 ipsorum
564 499 644 567 dare
670 513 763 567 omne
788 498 969 587 consilium,
995 498 1153 568 auxilium
1187 505 1219 566 et

79 608 308 679 defensionem
325 618 435 677 contra
451 611 560 676 omnia
576 609 635 676 illa
650 608 841 676 Communia
852 615 1051 694 etpersonas
1068 605 1216 692 singula·

82 738 143 802 res,
162 735 231 800 que
247 720 296 786 rel
314 717 424 802 qualia
440 736 586 802 guerras,
602 717 746 784 lesiones
763 721 794 783 et
819 715 961 801 dampna
990 716 1135 783 facerent
1160 733 1218 780 sen

82 823 244 892 inferrent
268 824 365 892 alteri
396 822 508 890 horum
536 821 762 890 Communium
787 821 1004 907 predictorum
1029 840 1090 906 per
1115 839 1219 905 aquas

84 950 140 998 seu
157 937 289 1015 terras;
309 933 405 998 salua
420 949 548 1013 semper
562 929 761 1015 reuerencia,
779 929 898 996 honore
924 935 957 998 et
981 928 1142 996 fidelitate
1166 927 1218 994 da·

87 1038 155 1104 uita
172 1059 236 1122 pro
254 1039 470 1106 Serenissimo
486 1045 519 1104 et
533 1037 758 1105 Illustrissimo
783 1043 893 1104 nostro
918 1039 1007 1122 Rege
1031 1036 1213 1120 Hungarie‚

84 1164 123 1212 ao
140 1145 249 1211 eciam
266 1145 494 1231 dominicani,
511 1146 567 1228 qui
584 1165 642 1230 pro
659 1151 803 1229 tempore
819 1143 916 1211 luerit
932 1165 990 1230 pro
1000 1145 1071 1229 ipso
1086 1143 1215 1210 domino

87 1253 187 1336 Rege.
207 1253 252 1318 Et
267 1255 484 1337 promiserunt
498 1249 636 1336 predicti
662 1252 788 1318 Sindici
805 1250 848 1317 ad
863 1251 1003 1318 inuicem
1019 1268 1102 1318 mus
1119 1250 1216 1316 alteri

86 1357 231 1442 Sindica
249 1360 381 1427 nomine
395 1367 429 1426 vt
444 1379 555 1443 supra,
572 1360 696 1448 eligere
713 1358 870 1426 Comitem
886 1366 919 1425 et
934 1358 1133 1426 Potestatem
1144 1355 1216 1422 siue

90 1465 262 1532 Rectorem
288 1464 330 1533 de
356 1485 422 1531 vna
447 1473 480 1532 et
504 1464 616 1533 eadem
641 1473 729 1532 terra
753 1472 848 1550 prout
873 1464 913 1532 de
929 1471 1014 1533 terra
1032 1463 1155 1542 ¹luerint
1171 1463 1218 1527 in·

89 1573 193 1638 uicem
211 1572 403 1659 concordes,
420 1574 655 1659 adprelinitum
672 1573 792 1640 dictum
810 1582 947 1658 tempus.
974 1571 1045 1650 Quo
1062 1567 1172 1636 omnia
1187 1573 1220 1631 et
1256 1563 1258 1572 '

96 1679 227 1762 singula
261 1679 454 1766 supradicta
488 1679 566 1746 dicti
599 1679 723 1746 Sindici
759 1680 944 1764 obligarunt
977 1699 1013 1754 se
1046 1673 1220 1744 sindieario

88 1785 215 1854 nomine
231 1787 377 1870 ipsorum
403 1785 625 1855 Communium
651 1788 693 1854 ad
719 1787 858 1854 inuicem
884 1807 964 1854 vnns
991 1787 1084 1854 alteri
1109 1789 1212 1872 atten-

1 1961 2 1964 ,
91 1891 162 1958 dere
193 1899 228 1958 et
261 1894 446 1980 obseruare,
478 1901 510 1961 et
541 1897 575 1962 in
606 1894 695 1962 nullo
722 1895 971 1962 contrafacere
1010 1895 1062 1960 vel
1096 1892 1219 1976 venire,

90 1999 147 2064 snb
165 2019 256 2084 pena
272 2000 338 2065 llll
354 2001 558 2067 marcharum
578 2002 715 2088 argenti,
743 2001 950 2087 obligacicne
983 2001 1137 2068 bonorum
1164 2000 1215 2084 ip·

1 2111 2 2118 ’
91 2125 194 2174 sorum
211 2107 448 2194 Communium,
465 2109 624 2177 medietas
641 2111 731 2176 cuius
748 2130 832 2194 pene
849 2108 1003 2177 deueniat
1018 2109 1052 2174 in
1083 2109 1215 2175 Serenis

1 2247 2 2299 g
91 2210 202 2278 simum
218 2215 342 2297 Regem
358 2215 538 2299 Hungarie‚
549 2217 657 2282 atalia
674 2216 832 2284 medietas
843 2218 997 2285 deueniat
1008 2215 1140 2283 Ciuitati
1151 2233 1218 2284 ser-

90 2318 175 2386 uanti
191 2321 353 2405 predicta.
370 2321 441 2400 Quo
464 2342 549 2407 pena
574 2324 673 2390 tocies
699 2325 912 2392 conueniatur
937 2332 970 2390 et
996 2325 1085 2409 exigi
1111 2325 1216 2410 possit

92 2445 157 2492 cnm
173 2429 292 2496 effectu
308 2447 329 2492 a
346 2434 438 2512 parte
454 2449 520 2494 non
537 2429 742 2516 obseruante,
761 2431 893 2513 quocies
909 2451 966 2516 per
991 2431 1135 2515 aliquam
1162 2429 1217 2497 vel

91 2532 196 2616 aliqua
227 2535 372 2618 ipsorum
403 2536 438 2601 in
465 2535 620 2622 predictis
647 2547 703 2604 aut
728 2540 840 2622 aliqua
871 2538 1086 2623 predictorum
1119 2537 1217 2604 luerit

1 2661 3 2710 ἵ
93 2643 730 2728 (0000000100.0000000001010001
755 2668 830 2732 non,
855 2646 984 2714 saluum
1011 2646 1054 2711 sit
1081 2661 1212 2729 presens

2 2752 3 2830 l
92 2755 296 2817 contractum.
313 2747 451 2835 Insuper
467 2751 604 2837 predicti
621 2752 745 2820 Sindicl
763 2753 892 2820 nomine
909 2756 1052 2840 ipsorum
1078 2753 1212 2820 Commu

2 2867 3 2928 ξ
94 2853 175 2918 nium
191 2856 234 2920 ad
253 2860 540 2926 conseruacionem
555 2868 588 2928 et
602 2863 867 2927 obseruationem
890 2863 1031 2929 omnium
1057 2859 1215 2944 predicto·

2 3033 3 3048 2
93 2979 156 3025 rum
171 2961 358 3030 iurauerunt
382 2964 426 3030 ad
451 2965 573 3033 Sancta
599 2965 661 3032 Dei
689 2969 871 3050 Euangelia
895 2968 1106 3052 corporaliter
1131 2967 1215 3034 libro

2 3119 3 3136 2
94 3073 180 3150 tacto,
197 3067 346 3155 predicta
361 3073 470 3138 omnia
486 3077 516 3137 et
530 3072 659 3158 singula
675 3073 767 3140 firma
779 3079 811 3140 et
826 3081 899 3141 rata
908 3075 1030 3140 habere
1046 3081 1077 3140 et
1087 3081 1209 3162 tenere,

2 3193 3 3268 3
96 3177 123 3235 et
137 3171 167 3239 in
182 3177 271 3244 nullo
288 3178 509 3246 contrafacere
526 3181 576 3246 vel
593 3180 701 3247 venire
727 3181 767 3247 de
793 3179 862 3248 iure
887 3182 937 3247 val
962 3181 1002 3247 de
1028 3181 1125 3265 lacto,
1153 3185 1212 3248 sub

95 3296 172 3358 pena
187 3288 219 3348 et
245 3283 451 3367 obligacionc
479 3285 632 3354 bonorum
658 3285 816 3355 dictorum
842 3287 1071 3354 Communium.
1097 3295 1214 3354 Actum

96 3385 175 3468 apud
190 3389 383 3473 Tragurium
400 3391 433 3456 in
451 3393 592 3458 ecclesia
608 3392 719 3460 Sancti
735 3393 903 3460 Johannis.
920 3393 1131 3462 Prasontibus
1156 3396 1211 3460 do·

97 3493 173 3558 mino
189 3494 359 3585 Stephano
373 3497 495 3564 domini
510 3499 641 3583 Rugcrij
661 3499 701 3566 da
717 3501 852 3566 Ancona
868 3503 1034 3569 Potestate
1062 3501 1210 3570 Ciuitatis

2 3596 5 3658 ἰ
98 3595 224 3684 Spoleti,
241 3607 274 3667 et
290 3602 419 3669 domino
435 3605 647 3690 Alberguccio
665 3607 916 3676 domininaobi
944 3612 1110 3678 Potestate
1134 3611 1213 3674 Tra-

3 3725 5 3804 :
99 3704 193 3788 gorlj;
215 3707 356 3774 domino
381 3710 571 3778 Benuenuto
597 3714 666 3780 eius
692 3716 792 3798 socio,
820 3715 949 3782 domiuo
975 3715 1149 3784 Valentino
1174 3715 1215 3781 de

3 3809 5 3890 ἓ
98 3807 267 3898 Casarizzo,
285 3814 417 3882 domiuo
434 3817 578 3902 Josepho
595 3819 694 3901 Petri,
712 3819 842 3887 domino
860 3823 960 3888 Lucio
987 3823 1131 3905 Matthei,
1156 3822 1214 3888 do·

3 3929 6 3964 ὲ
99 3914 175 3982 mino
184 3918 318 3988 Nicolao
330 3922 480 4008 Casiocti,
491 3923 621 3993 domino
633 3927 815 3994 Theodosio
825 3927 959 4013 Alberti,
971 3927 1102 3996 domino
1114 3931 1210 3994 Petro

97 4018 580 4114 1000001000(Ριῑιιοειαιιο
591 4031 749 4122 DobroliJ,
764 4035 895 4102 domino
905 4038 1035 4123 Duymo
1045 4035 1212 4121 Domiche,

3 4139 5 4228 ἑ
100 4125 466 4217 llaioDobre,Siluestro
482 4139 641 4224 Mengani‚
657 4149 690 4208 et
705 4143 780 4226 alijs
797 4143 932 4212 testibus
951 4143 1084 4226 rogatis.

3 4275 7 4346 ⁸

4 4631 7 4710 l

327 4329 448 4396 (Lucius,
461 4336 591 4388 Memoria
604 4337 720 4390 storiche
733 4338 760 4389 di
773 4339 846 4390 Trou
861 4341 919 4390 130.
935 4336 966 4408 1,)

542 4601 573 4608 ν·-
582 4603 752 4615 --—·—--·-
