3132 5192
768 261 960 386 '154

835 407 995 420 -——-—·

352 517 541 602 constitutis,
557 517 611 602 qni
635 537 673 584 se
697 515 741 582 ab
771 513 964 582 obediencia
994 509 1143 578 Ecclesie
1173 507 1236 576 boc
1269 497 1481 571 dissensionis

353 634 497 712 tempore
513 623 726 691 retraxissent
742 623 813 690 siue
829 642 904 706 nou,
920 621 1003 688 sicut
1018 640 1077 703 pro
1091 618 1169 702 alijs
1185 613 1315 684 nostris
1340 607 1481 696 superins

351 735 597 817 assumpsimus,
613 731 701 798 iutra
715 731 804 815 ipsos
820 728 981 814 quidecim
997 727 1068 793 dies
1092 734 1126 792 et
1150 723 1316 791 terminos
1343 725 1483 803 prenota-

354 847 414 924 tos,
430 839 543 905 fouere
559 845 704 905 tenemur
719 843 753 902 et
768 834 850 901 tueri
866 856 939 901 cnm
955 833 1087 900 effectu.
1117 833 1239 897 Datum
1259 828 1295 893 iu
1324 825 1481 892 dominica

355 947 503 1032 proxima
518 953 595 1010 ante
610 943 840 1011 Ascensionem
857 941 989 1007 Domini
1004 960 1093 1005 auno
1108 937 1257 1004 ciusdem
1286 933 1412 1001 ΜὈΟ·
1435 951 1484 996 no·

353 1055 522 1138 nogesimo
538 1057 662 1137 quarto.

483 1247 620 1317 (Eredstio
632 1244 808 1316 bdrbdrtyin,
819 1262 836 1298 a
848 1246 940 1298 lelesai
952 1244 1133 1297 konrsutnelr
1148 1238 1371 1306 tevttttrtbcn.)

811 1515 1026 1534 '’U-*u

888 1961 967 2032 loo.

360 2146 414 2218 Aa
443 2151 632 2237 erumpami
662 2146 824 2235 bdptclca
853 2150 935 2212 mint
959 2144 1222 2232 sbldtulnjdoacr
1245 2167 1285 2210 aa
1313 2145 1491 2229 mysni
1559 2135 1560 2160 ³

366 2258 428 2326 Kb
443 2258 544 2324 Dona
559 2257 669 2324 torem
675 2257 784 2343 solidet
798 2255 918 2321 Miletos
933 2255 1063 2320 dtoiiatdl
1078 2254 1199 2339 elnensi,
1216 2255 1248 2319 ἐι
1273 2275 1316 2318 ua
1332 2249 1490 2336 Aranyoe

549 2366 601 2430 rdl
618 2365 670 2429 ide
685 2363 846 2452 telepcdett
861 2362 1049 2430 Mikldsnuk
1066 2361 1150 2427 ttrtt
1165 2361 1209 2426 ki.
1226 2359 1331 2428 1294.

491 2559 660 2628 Uninorsis
697 2564 866 2645 presentes
898 2559 1024 2625 litteras
1064 2557 1263 2644 inspecturis
1306 2553 1488 2642 Capitulum

365 2667 510 2734 Ecclesic
534 2665 767 2752 strigoniensis
792 2665 931 2732 salntem
957 2667 991 2731 in
1016 2665 1156 2732 Domino
1172 2665 1419 2749 sempiternam.
1444 2658 1489 2727 dd

364 2774 585 2840 uniuersorum
625 2773 778 2840 noticiam
816 2779 928 2839 tenore
963 2771 1166 2858 presencium
1198 2773 1352 2838 uolumus
1384 2787 1487 2854 perne
1561 2755 1562 2758 '

363 2881 443 2965 nire;
470 2882 557 2965 qnod
583 2901 644 2947 uos
675 2879 885 2964 respicientes
902 2885 1012 2946 nostre
1028 2879 1175 2946 Ecclesie
1199 2879 1348 2962 meliora,
1364 2877 1488 2946 totalem
1560 2913 1562 2920 ·

365 2998 484 3056 terram
501 2997 642 3056 nostram
660 2989 756 3056 sitam
774 2989 858 3054 inter
874 2987 1032 3054 minorem
1048 2987 1245 3073 Danubium,
1259 2995 1294 3054 et
1312 2991 1397 3056 inter
1412 2986 1487 3052 olan·

365 3117 472 3164 suram
491 3096 747 3164 molendinorum
778 3101 959 3164 nostrornm
984 3095 1026 3161 de
1057 3096 1230 3180 'l'aplycba
1259 3093 1301 3162 dc
1319 3091 1486 3178 strigoso,

365 3227 386 3272 a
417 3209 553 3292 stagno,
585 3203 673 3287 quod
698 3203 865 3288 Nycolaus
891 3201 1058 3268 aurifaber
1083 3202 1317 3286 Strigoniensis
1350 3199 1487 3269 tecitibi·

364 3311 456 3395 dem,
498 3308 591 3376 nobis
632 3308 928 3376 contradicentibus
956 3315 989 3373 et
1020 3307 1153 3394 inuitis,
1180 3328 1284 3392 usque
1311 3309 1357 3376 ad
1390 3309 1486 3374 locum

366 3417 543 3486 molendini
561 3416 704 3484 eiusdem
736 3415 875 3496 Nicolai,
904 3423 937 3483 et
962 3415 1118 3482 fossatum
1150 3434 1208 3483 seu
1239 3423 1383 3482 meatum
1412 3433 1488 3498 nque

366 3525 408 3591 de
439 3525 508 3591 loco
538 3521 680 3591 eiusdem
716 3523 892 3590 molendini
927 3523 962 3590 in
988 3523 1141 3588 minorem
1169 3523 1359 3592 Danubium
1384 3523 1485 3589 docnt·

365 3633 478 3717 rentis,
495 3629 666 3696 abeodem
683 3631 831 3718 Nycolao
848 3637 979 3716 propter
996 3629 1098 3714 ipsius
1116 3630 1317 3697 insolencias
1333 3639 1367 3698 et
1389 3630 1486 3714 inpor-

367 3737 524 3804 t..nitatcs
541 3733 748 3803 multimodas
780 3738 849 3803 iure
875 3735 1010 3820 dominij
1040 3741 1250 3820 reuocantes,
1277 3733 1487 3804 vnacnmaliu

368 3852 457 3911 terra
473 3850 592 3928 nostra,
608 3864 671 3927 que
687 3845 801 3930 incipit
816 3846 858 3911 ab
875 3844 997 3928 angulo
1015 3845 1076 3910 orti
1091 3842 1327 3911 Heremitsrnm
1344 3846 1385 3912 de
1401 3843 1486 3910 Clan-

367 3959 433 4020 stro
450 3951 572 4018 Sancte
590 3951 696 4036 Anne,
713 3959 745 4019 et
759 3952 919 4020 ueniendo
936 3951 1025 4018 cirea
1037 3971 1147 4042 sepem
1173 3953 1236 4018 orti
1260 3951 1379 4019 Kuucb
1396 3947 1484 4038 'pelli-

367 4059 450 4145 parij
469 4057 655 4143 iobngionis
672 4061 773 4126 nostri
790 4079 892 4144 usquc
908 4066 1049 4126 meatum
1066 4059 1167 4146 fluuij,
1190 4058 1233 4126 de
1257 4060 1416 4126 clausuris
1439 4077 1484 4122 co·

367 4166 514 4233 rumdcm
530 4165 788 4233 molendinorum
805 4175 987 4234 nostrorum
1005 4165 1174 4247 exeuntis,
1199 4173 1232 4234 ct
1247 4187 1349 4251 usque
1365 4167 1408 4234 ad
1433 4164 1485 4230 ios·

368 4279 473 4339 sutum
490 4269 714 4356 strigoniense
731 4273 849 4356 existit,
866 4273 1013 4358 Nycoluo
1029 4273 1097 4339 filio
1114 4273 1243 4340 Martini
1261 4271 1442 4342 aduenticio
1455 4272 1482 4336 in
1501 4297 1509 4306 ·

369 4377 567 4462 Strigonium
585 4379 625 4444 dc
642 4379 723 4444 uilla
739 4380 899 4466 Aranyas,
916 4378 956 4444 de
972 4379 1122 4463 partibus
1140 4383 1258 4446 montis
1276 4381 1383 4448 blatra
1398 4387 1428 4448 et
1440 4379 1484 4446 ob·

369 4487 430 4554 boc
445 4489 596 4572 Aranyas
614 4487 794 4570 uulgariter
818 4485 1013 4574 appellatur,
1031 4507 1072 4552 ao
1097 4507 1154 4572 per
1180 4508 1253 4554 eum
1280 4489 1349 4556 suis
1373 4482 1484 4556 heredi·

384 4592 454 4680 bns,
471 4592 598 4682 Myconi
616 4592 777 4676 videlicet,
793 4591 955 4682 Mycbaeli
972 4600 1004 4662 et
1018 4595 1094 4683 alijs
1118 4594 1302 4679 nascituris,
1324 4596 1487 4670 locauinrnt
