3132 5192
544 229 698 332 ..EL-

1 434 2 450 ²
52 431 108 508 est,
119 424 215 508 quod
225 420 422 516 Gotchalous
432 420 569 494 Villicus
584 421 625 489 de
641 421 730 489 Villa
744 423 892 510 Matthei,
907 431 940 488 et
955 421 1129 506 Frolingus
1144 415 1186 482 de

1 550 2 553 ’
50 532 158 619 silua,
178 531 225 598 ad
239 541 386 599 nostram
401 533 595 600 accedentes
620 533 833 618 presenciam,
850 530 1066 599 exhibuerunt
1089 529 1183 596 uobis

51 640 181 706 litteras
198 642 260 706 sub
276 641 411 723 antiquo
427 639 536 724 sigillo
551 645 662 708 nostro
681 645 851 707 emanatas
867 647 899 708 et
915 638 1093 732 coniectas,
1110 655 1181 702 oum

50 747 218 814 instancia
231 755 397 833 rogantes,
412 755 447 815 vt
462 747 596 815 easdem
612 750 672 815 sub
688 749 763 814 noui
790 747 891 832 sigilli
917 747 1015 814 nostri
1040 747 1183 814 testimo·

50 856 104 922 nio
120 857 307 923 rescribere
323 855 545 939 dignaremur:
564 854 707 933 Quarum
724 855 855 939 quidem
884 855 1062 922 litterarum
1089 860 1184 920 tenor

51 961 127 1028 talis
144 967 219 1028 est:

158 1067 349 1153 Capitulum
367 1068 512 1138 Ecclesia
526 1069 621 1137 Beati
636 1071 767 1138 Martini
783 1070 823 1136 dc
839 1071 962 1158 Scepus
980 1071 1042 1137 stb.
1055 1065 1180 1158 (kerat-

52 1177 149 1244 lrezilr
167 1196 190 1241 a
207 1178 335 1262 szepesi
363 1177 592 1261 ktptalannak
621 1178 756 1244 leit-lei
781 1177 1076 1268 bizonystglevele,
1101 1177 1183 1240 mint

52 1285 207 1369 l'ejdrudl
228 1282 308 1352 God.
325 1284 414 1368 Dipl.
430 1283 468 1351 V.
483 1285 516 1350 k.
534 1288 565 1352 2.
582 1305 606 1352 r.
623 1289 699 1353 598.
716 1282 754 1374 l.)

1 1384 2 1388 ’
159 1390 338 1476 Frclingus
354 1410 431 1458 vero
449 1411 513 1457 vna
530 1410 601 1457 cum
618 1392 694 1476 filijs
710 1395 777 1460 suis
794 1391 928 1460 Nicolao
945 1391 1175 1458 etHenselma·

52 1523 93 1568 no
107 1499 332 1586 personaliter
347 1505 396 1566 est
411 1499 580 1566 coufessus
596 1519 706 1568 coram
721 1501 824 1585 nobis,
851 1500 938 1584 quod
963 1505 1062 1566 totam
1088 1519 1181 1567 snam

50 1609 242 1696 porcionem
258 1607 322 1674 sibi
337 1607 406 1674 iure
422 1604 618 1674 hereditario
633 1607 884 1694 contingentem,
902 1609 936 1675 in
953 1629 1060 1692 ceusu,
1077 1611 1109 1675 in
1132 1609 1180 1692 ju*

53 1714 159 1800 dicijs,
175 1715 213 1780 in
229 1713 433 1798 molendinis,
451 1716 533 1781 etin
551 1715 782 1805 brassiatorijs,
800 1716 834 1782 iu
849 1717 960 1801 curijs,
979 1717 1060 1782 etin
1085 1717 1182 1802 agris,

55 1842 123 1890 cum
140 1822 296 1889 omnibus
312 1823 380 1888 suis
395 1823 588 1890 utilitatibus
605 1829 637 1889 et
651 1824 872 1910 pertinencijs,
888 1823 1088 1892 vendidisset
1113 1823 1188 1890 Get·

54 1930 161 1996 scalco
177 1929 293 2015 sepius
311 1927 408 2015 dicto,
425 1931 489 1996 sibi
506 1937 538 1998 et
554 1931 622 1998 suis
638 1931 811 1999 heredibus
834 1931 906 2000 iure
933 1939 1088 2018 perpetuo
1115 1951 1190 2018 pos·

55 2035 241 2122 sideudam,
258 2055 316 2120 pro
333 2035 570 2121 quinquaginta
584 2039 712 2105 scilicet
737 2039 854 2107 marcis
880 2039 1001 2106 habitis
1026 2039 1122 2125 plene
1148 2039 1189 2104 ab

57 2138 167 2208 eodem
186 2148 222 2208 et
237 2144 410 2228 perceptis.
427 2141 496 2210 Nos
512 2145 624 2228 itaque
639 2143 857 2230 predictorum
874 2145 1038 2214 Gotscalci
1054 2153 1086 2213 et
1109 2147 1186 2214 For-

1 2253 2 2320 }
58 2249 149 2334 lingi,
168 2249 343 2317 Meuhardi
368 2249 410 2318 de
433 2253 542 2320 Monte
568 2252 680 2318 Sancti
706 2252 851 2338 Georgij,
880 2259 912 2320 et
938 2251 1117 2320 Helbrandi
1144 2254 1186 2320 de

1 2393 2 2396 π
55 2355 202 2454 ¹Stoianis
221 2377 321 2443 super
336 2359 469 2444 eisdem,
487 2362 543 2444 qui
560 2359 655 2428 huius
672 2360 919 2448 composicionis
937 2358 1129 2428 mediatores
1156 2369 1188 2426 et

1 2475 2 2480 ’
57 2469 153 2532 testes
170 2467 362 2553 extiterunt,
391 2467 486 2536 iustis
511 2467 729 2555 peticionibus
754 2469 928 2536 salubriter
953 2468 1110 2556 inclinati,
1136 2489 1187 2536 ex-

56 2571 175 2640 hibitas
193 2575 293 2641 uobis
311 2577 435 2644 litteras
450 2577 511 2643 sub
527 2576 603 2644 noui
628 2576 732 2643 nostri
758 2577 860 2662 sigilli
884 2577 1068 2644 testimonio
1096 2576 1188 2642 duxi-

58 2697 124 2745 mus
149 2680 383 2750 reseribendas
410 2685 533 2752 Datum
559 2703 645 2750 anno
671 2683 804 2751 Domini
828 2683 951 2750 ΜθΟΟο
976 2684 1188 2769 nonagesimo

60 2785 211 2854 seeundo.

60 2977 196 3040 OErcdstla
207 2983 383 3051 bo'rhdrtydn,
398 2987 486 3042 serua
497 2993 602 3055 saepest
614 2986 697 3041 utros
709 2985 903 3042 lovtltsrtbsn.
918 2989 951 3042 V.
975 2979 1004 3040 ὂζ
1020 2987 1098 3053 Fjdr
1121 2989 1186 3042 (lad.

447 3077 522 3143 Dipl.
535 3075 568 3130 V.
583 3079 610 3132 lr.
624 3080 648 3128 3.
663 3095 683 3132 r.
697 3079 758 3130 306.
772 3077 803 3140 1,)

514 3363 729 3376 *ιιι-..-
