3124 5194
635 937 710 1006 112.

55 1133 205 1220 Jepyzut
220 1135 371 1219 olrmdny,
388 1135 465 1220 rnelp
481 1135 563 1200 altat
582 1135 671 1200 Tnau
685 1141 779 1201 vein-or
794 1139 877 1202 mint
902 1160 981 1203 uzon
998 1137 1122 1224 suency
1138 1138 1209 1202 1052-

60 1239 262 1328 nctr'ttljcnelc
292 1241 513 1326 kiteieaetteipe
527 1243 787 1331 ezaidlyontatilc,
814 1244 894 1330 nuely
927 1243 1061 1331 Gycirpy
1077 1246 1208 1314 Bribiri
1242 1338 1244 1346 Ι

280 1346 361 1432 pref
375 1350 406 1412 e'e
427 1346 656 1412 Vennonetes
679 1351 894 1434 mepltt'ttctett.
912 1350 1010 1416 1294.

183 1541 222 1606 ln
239 1538 373 1608 nomine
388 1536 558 1605 Indiuiduc
574 1539 746 1610 Trinitatis
761 1544 873 1612 Amen.
885 1543 980 1611 Anno
996 1544 1207 1614 aNatiuilato

65 1646 211 1713 Domini
228 1644 345 1712 M⁰CC⁰
375 1644 587 1728 nonagesimo
605 1653 730 1733 quarto,
757 1649 939 1717 indiccione
964 1651 1112 1736 septima,
1138 1672 1206 1736 reg-

62 1761 171 1820 nante
187 1753 321 1820 domino
339 1752 471 1834 Andreu
487 1752 701 1822 Serenissimo
717 1757 808 1840 Rege
824 1757 1003 1844 Hungarie,
1021 1763 1206 1844 ettemporo

63 1861 239 1946 Magnifici
258 1869 290 1926 ct
305 1859 448 1946 potentis
464 1859 525 1924 viri
541 1859 662 1926 domini
679 1861 817 1946 Georgei
844 1861 884 1927 de
910 1861 1056 1928 Birberio
1084 1862 1204 1929 Ciuita-

65 1979 135 2036 tum
154 1969 394 2034 llaritimarnm
410 1967 553 2034 illustris
570 1967 716 2055 Comitis,
733 1969 785 2034 die
800 1969 949 2053 Mercurij
972 1969 1043 2035 vlu
1069 1969 1203 2054 Aprilis.

68 2078 152 2143 Cum
169 2077 322 2143 dominns
338 2075 487 2142 lllatlreus
503 2073 627 2140 domini
654 2075 757 2159 LuciJ,
784 2075 934 2144 Sindicus
961 2085 991 2143 et
1016 2085 1205 2161 procurator

65 2185 260 2250 Communis
279 2191 311 2249 et
326 2182 490 2246 hominum
507 2182 669 2265 Tragurij,
685 2191 720 2248 vt
736 2183 777 2248 de
787 2182 890 2267 ipsius
900 2184 1066 2250 sindicatn
1076 2191 1205 2252 constat

64 2293 199 2376 publico
213 2289 429 2355 instrumento
446 2288 566 2373 scripto
583 2308 681 2353 manu
698 2307 770 2355 mea
787 2289 959 2374 subscripti
976 2291 1115 2374 Notarij,
1134 2311 1206 2375 pro-

1 2463 2 2466 ,
66 2397 232 2463 curatorio
258 2401 290 2460 et
315 2393 491 2462 uindicario
507 2394 636 2460 nominc
662 2391 739 2458 dicti
765 2394 950 2462 Communis
977 2405 1008 2462 et
1036 2397 1201 2463 hominum

67 2503 233 2587 Tragurij,
248 2501 397 2588 predicto
414 2501 543 2568 domino
564 2500 711 2583 Geurgec
723 2501 849 2590 Comiti,
861 2509 893 2568 et
912 2523 970 2588 pro
988 2503 1155 2570 Communi
1172 2509 1203 2568 et

68 2611 258 2678 hominibus
274 2609 420 2693 Almissi‚
436 2627 496 2673 nec
513 2629 577 2672 non
594 2628 651 2691 pro
669 2615 766 2690 gente
781 2629 850 2692 sua,
878 2629 918 2674 ao
943 2610 1080 2678 subditis
1105 2609 1205 2675 fideli.

67 2718 129 2784 bus
146 2723 180 2784 et
196 2714 460 2797 districtualibus,
477 2733 512 2780 se
529 2728 561 2780 et
578 2713 699 2778 dictum
718 2713 893 2781 Commune
910 2724 944 2781 ot
959 2717 1109 2784 homiues
1124 2718 1205 2784 Tre·

72 2826 156 2908 gurij
177 2821 390 2906 obligauerit5
416 2829 446 2886 et
468 2820 652 2906 promiserit
677 2821 818 2905 Egregio
844 2823 982 2906 Rogerio
1008 2826 1203 2891 Mnurooeno

74 2930 191 2996 Comiti
210 2929 310 2996 Jadre
326 2927 496 3012 recipienti
528 2935 560 2993 et
575 2929 745 3012 stipulanti
770 2931 899 2994 nomine
925 2937 958 2994 et
984 2932 1056 2996 vice
1082 2929 1204 2996 domini

73 3037 175 3102 Ducis
192 3033 416 3117 veneciarum,
434 3031 618 3099 Communis
634 3043 666 3098 et
691 3033 856 3101 hominum
873 3035 1023 3102 Ciuitatis
1050 3035 1204 3132 eiusdem,

73 3163 132 3209 nec
158 3164 224 3209 non
250 3142 480 3223 habitatorum,
498 3138 651 3224 fidelium,
667 3139 867 3206 subditorum
900 3149 932 3206 et
956 3141 1205 3206 districtnalium

73 3269 216 3331 suornm,
233 3248 273 3313 de
288 3247 387 3312 Mllll
402 3245 558 3312 librarum
574 3245 777 3314 denariorum
793 3246 990 3313 Venetorum
1015 3265 1200 3331 puruorum,

75 3355 248 3422 occasione
263 3361 397 3436 treugne
413 3352 499 3418 facte
516 3357 549 3417 et
564 3353 689 3418 firmate
705 3353 790 3419 inter
816 3353 996 3436 predictum
1022 3353 1204 3435 Georgeum

76 3462 236 3528 Comitem
253 3465 285 3524 et
300 3459 423 3524 dictum
440 3458 605 3523 dominum
631 3456 809 3542 Rogerinm
836 3478 933 3544 super
958 3458 1104 3541 quolibet
1127 3462 1206 3526 reci-

71 3569 177 3654 pienti
193 3569 323 3633 nomine
353 3586 416 3648 quc
432 3585 543 3650 supra.
568 3565 693 3630 Idcirco
719 3565 887 3651 predictus
913 3567 1063 3633 dominus
1090 3566 1205 3633 Comes

75 3678 247 3760 Georgens
261 3683 326 3740 tam
342 3673 472 3740 nomine
487 3694 556 3758 suo,
574 3693 670 3756 quam
687 3674 815 3741 nomine
831 3675 971 3742 omnium
987 3675 1204 3761 subditorum,

76 3784 222 3852 fidelium
238 3789 270 3848 et
287 3780 541 3848 districtualium
558 3801 698 3866 suornm,
715 3788 747 3848 et
764 3783 867 3849 eciam
883 3783 1014 3850 nominc
1025 3781 1101 3849 dicti
1112 3781 1203 3847 Com-

73 3891 184 3958 munis
200 3899 233 3958 et
258 3889 424 3955 hominum
449 3887 595 3973 Almissi‚
621 3888 770 3973 promisit
795 3891 981 3957 solemniter
996 3890 1066 3958 sinc
1093 3889 1206 3972 aliqua

77 3997 271 4083 excepcione
282 3996 368 4080 juris
385 3995 437 4062 vel
452 3994 550 4077 lacti,
567 4017 602 4063 se
618 3995 795 4079 obligando
810 3997 939 4063 domino
956 3997 1060 4064 Desse
1076 3995 1206 4062 Ambla-

76 4107 117 4191 sij
134 4105 284 4171 Ciuitatis
302 4105 453 4189 Tragurij
472 4103 604 4170 Sindico
621 4111 653 4170 et
677 4106 878 4189 procuratori
896 4101 1080 4170 Communis
1097 4105 1129 4167 et
1149 4101 1205 4166 ho-

76 4215 196 4279 minum
213 4211 365 4296 Tragurij
384 4211 552 4298 recipienti
569 4218 601 4279 et
618 4210 800 4298 stipulanti,
818 4231 855 4278 se
872 4210 1031 4277 facturum
1058 4215 1091 4276 et
1116 4226 1204 4273 cura·

75 4327 181 4386 turum
196 4318 306 4387 taliter
322 4338 393 4385 cum
410 4319 545 4404 effectu3
563 4317 649 4401 quod
665 4319 693 4385 si
710 4319 834 4384 dictum
850 4315 1026 4383 Commune
1051 4312 1201 4400 Tragurij

75 4427 223 4493 inciderit
238 4426 273 4491 in
290 4426 409 4501 dictam
426 4445 545 4515 penam
570 4425 670 4492 lllllll
694 4425 860 4509 librarum,
887 4429 920 4489 et
945 4424 1019 4510 ipsu
1043 4441 1129 4509 pena
1158 4425 1205 4492 ab

52 4517 55 4522 ¹
75 4533 145 4618 ipso
162 4533 330 4600 Communi
348 4539 465 4600 exacta
480 4531 586 4619 fuerit,
602 4531 703 4599 faciet
720 4535 752 4597 et
768 4529 938 4616 compellet
953 4528 1037 4616 illos,
1057 4529 1113 4612 qui
1129 4549 1205 4598 con-
