3132 5192
554 294 735 426 Q.

66 515 139 582 mini
154 515 208 582 sni
226 515 368 602 predicti
384 516 477 584 Pauli
496 516 628 585 Comitis
644 516 755 584 retulit
769 517 986 602 personaliter
1010 536 1125 586 eoram
1152 538 1206 584 no·

65 625 112 692 bis
127 625 365 716 competendo,
381 621 548 710 donasset,
564 622 709 690 dedisset
731 631 764 691 et
789 623 978 692 tradidisset
1003 622 1110 690 eidem
1138 623 1198 690 La-

65 730 175 814 dinla0‚
195 741 229 799 et
245 753 307 820 per
323 753 396 798 eum
412 730 478 800 suis
497 731 672 798 heredibus
687 729 907 816 heredumque
924 752 1054 798 suorum
1070 749 1204 800 sucees-

65 839 187 907 soribus
221 847 384 927 perpetuo
409 845 441 906 et
464 839 726 908 irreserabiliter
750 837 996 926 possidendam:
1021 837 1199 922 obligando

66 963 109 1028 se,
126 944 215 1028 quod
231 945 419 1030 quicunque
434 965 588 1031 processu
604 953 786 1030 temporum
800 945 907 1032 ipsum
923 944 1114 1013 Ladizleum
1142 951 1199 1014 aut

64 1070 153 1118 suam
185 1053 416 1137 posteritatem
447 1072 505 1138 pro
529 1060 701 1138 prenotata
726 1053 933 1137 possessione
957 1052 1202 1136 attemptauerit

63 1157 207 1244 inpetere
223 1161 281 1226 uel
308 1177 444 1244 rexere;
469 1167 588 1226 extunc
614 1160 699 1227 idem
725 1161 842 1228 Comes
869 1157 1005 1226 Gozmas
1029 1159 1197 1228 tenebitur

64 1266 217 1349 expedire
234 1265 378 1352 proprijs
394 1267 561 1334 laboribus
578 1273 611 1335 et
627 1269 790 1353 expensis.
807 1269 845 1334 In
876 1269 970 1335 ouius
1002 1267 1051 1335 rei
1076 1286 1197 1335 memo·

64 1374 142 1442 riam
158 1372 203 1440 ad
219 1375 416 1460 peticionem
433 1373 717 1461 utriusquepartis
733 1384 900 1461 presentes
925 1381 1054 1443 nostras
1071 1393 1200 1443 eonces-

64 1483 161 1548 simus
176 1481 311 1549 litteras
326 1480 428 1567 sigilli
444 1483 545 1549 nostri
561 1483 739 1550 munimine
754 1481 932 1550 roboratas.
962 1485 1084 1549 Datum
1110 1501 1197 1548 anno
1306 1537 1311 1540 .

64 1589 189 1656 Domini
205 1588 330 1656 Μθῦῦο
345 1590 556 1674 nonagesimo
571 1593 685 1679 primo,
702 1591 815 1676 quinta
840 1586 922 1658 serie
943 1592 1092 1676 proxime
1117 1595 1194 1656 ente

64 1696 259 1765 dominicam
278 1696 356 1764 Esto
373 1698 481 1765 llichi.

281 1912 310 1976 A
529 1913 556 1977 Β
741 1912 766 1978 G
949 1915 980 1978 D

64 2106 199 2175 (Eredetie
213 2104 393 2177 bdrhdrtydn,
404 2105 517 2174 melyrdl
530 2124 547 2159 s
565 2105 664 2176 'pecset
684 2106 939 2176 megyssinll-sdrga
963 2107 1191 2176 selysmssindrcn

318 2197 402 2262 ldgg;
422 2211 439 2246 a
453 2196 536 2248 budai
548 2198 599 2248 kir.
613 2197 738 2250 kenrsrsi
751 2193 939 2264 levelstrbon.)

522 2483 734 2494 ———

594 3011 648 3078 46.

1 3229 2 3233 ¹
67 3207 317 3295 Apappeeradt
332 3208 562 3295 kotptalenttak
594 3207 865 3294 bizottysciplecele
875 3255 886 3288 ,
903 3213 988 3294 hcqy
1007 3206 1143 3295 Gcrpely
1158 3212 1189 3274 ts

68 3314 133 3394 Ptil,
149 3316 220 3402 Byr
245 3314 551 3401 eevitfiildueksele
581 3319 669 3380 irritet
684 3317 788 3382 Jeoos
804 3317 883 3381 clleo
892 3315 1101 3403 perlekeddk,
1111 3340 1187 3404 per·

354 3423 467 3488 kdzbec
483 3425 659 3508 eppessdqre
675 3422 786 3508 ttptet.
804 3422 900 3488 1291.

166 3619 238 3686 Nos
254 3618 436 3703 Capitulum
454 3617 598 3684 Ecclesie
613 3615 838 3700 Waradiensis
854 3616 970 3684 damus
986 3639 1044 3702 pro
1069 3639 1186 3687 memo·

69 3723 121 3810 ria,
138 3725 227 3809 qnod
242 3725 401 3810 Gregorio
417 3724 483 3792 lilio
500 3726 599 3810 Petri,
617 3730 650 3790 ct
665 3725 768 3791 Panlo
783 3723 848 3791 filio
865 3724 959 3791 Pauli
976 3725 1017 3791 de
1040 3727 1184 3811 Zomogn

1 3906 2 3916 ἶ
68 3831 105 3897 ab
129 3855 196 3900 una
221 3839 322 3920 parte,
346 3833 421 3900 item
447 3832 595 3899 iohanne
621 3832 690 3898 filio
718 3831 857 3917 Gregori
882 3830 923 3899 de
949 3833 1025 3919 Byr,
1054 3842 1185 3902 astante

1 3926 2 3988 Ϊ
68 3937 124 4006 sibi
139 3941 265 4010 comite
280 3943 465 4010 Laurencio
480 3941 549 4008 filio
565 3941 660 4007 Pauli
686 3947 826 4026 cognato
841 3961 899 4008 suo
909 3993 918 4026 ,
945 3942 986 4007 ab
1006 3943 1112 4010 altera
1137 3963 1186 4010 co-

1 4074 2 4080 *
67 4065 129 4116 ram
143 4050 239 4118 nobis
255 4050 469 4137 personaliter
484 4049 676 4134 constitutis,
693 4051 893 4134 propositum
910 4049 1020 4116 extitit
1036 4069 1094 4140 per
1110 4070 1185 4116 eos-

70 4156 155 4248 dem5
192 4160 278 4244 quod
295 4159 328 4224 in
345 4179 455 4246 oansc,
473 4177 569 4242 quem
585 4156 687 4242 ijdem
704 4156 881 4240 Gregorius
895 4164 928 4222 ct
941 4156 1064 4222 Pe‘nlus
1089 4177 1186 4242 super

1 4287 2 4322 2
69 4263 146 4336 facte
162 4266 378 4335 dimidietetis
394 4273 478 4334 terre
493 4267 560 4354 Byr
575 4265 741 4332 nominate
767 4271 880 4331 contra
905 4259 1043 4331 eundem
1067 4264 1186 4332 Johcn·

68 4391 133 4440 nem
147 4371 463 4443 vicesimosecundo
480 4373 534 4438 die
560 4373 654 4440 Beati
679 4372 848 4440 Michaelis
874 4369 1051 4454 Arcangeli
1074 4390 1184 4439 eoram

1 4567 2 4574 ἵ
70 4476 189 4550 domino
204 4483 295 4567 Rege
311 4481 484 4564 habebant,
511 4485 642 4565 propter
673 4482 792 4550 bonum
808 4477 898 4566 pacis
925 4495 984 4562 per
1012 4477 1182 4546 arbitrium

1 4591 2 4673 j
68 4591 232 4671 proborum
247 4589 388 4657 virorum
413 4586 456 4656 ad
481 4589 581 4656 talem
604 4586 740 4657 formam
766 4582 1012 4674 composicionis
1038 4583 1184 4654 deuenis-

108 4723 392 4766 remurmuremus.
410 4731 450 4756 -r
468 4723 539 4762 nuru.
557 4717 594 4762 te.
994 4697 1015 4760 5
