3146 5192
12 390 59 441 ..
556 317 772 428 ..m

10 478 22 589 l
76 521 149 605 giuti
166 523 288 588 mareis
304 522 399 608 plene
414 522 566 613 receptis,
584 524 667 588 sicut
683 520 778 609 dixit,
795 521 837 588 ab
854 520 977 590 eisdem
992 521 1026 588 in
1042 521 1198 610 denar-ijs,

75 629 117 694 eis
140 637 169 692 et
196 644 308 694 eorum
337 629 520 711 heredibus,
549 629 766 713 heredumque
792 649 920 696 suorum
948 630 1198 716 suecessoribus,

75 745 219 822 perpetuo
230 743 264 802 ot
276 736 531 802 irremeabiliter
543 735 782 820 possidendam.
791 737 829 802 ln
840 735 933 804 euius
947 737 993 804 rei
1005 737 1194 804 memoriam

76 849 103 908 et
124 849 312 928 perpetuam
329 843 547 909 firmitatatem
573 843 617 910 ad
635 844 832 927 peticionem
859 845 1005 928 parcium
1030 855 1198 930 presentes

75 952 184 1018 eisdem
196 951 418 1018 concessimus
436 951 571 1035 litteras,
589 952 691 1036 sigilli
709 951 809 1018 nostri
827 952 1004 1020 munimine
1020 954 1194 1019 communi-

10 1090 15 1129 ι
77 1069 128 1126 tas.
144 1062 270 1126 Datum
288 1061 320 1125 in
339 1059 509 1142 quindenis
526 1061 637 1126 Sancti
655 1060 788 1145 Georgij
807 1059 958 1138 martiris,
970 1081 1055 1126 anno
1067 1059 1199 1128 Domini

10 1132 23 1245 jl
75 1167 186 1233 ΜΨ
211 1168 424 1250 nonagesimo
441 1189 535 1236 nono.
553 1168 630 1234 Viro
646 1168 801 1254 religioso
817 1169 916 1236 fratre
943 1171 1044 1236 Paulo
1069 1170 1197 1236 Abbate

9 1256 19 1382 ξ
75 1274 194 1346 Prelato
228 1281 346 1359 nostro,
374 1275 540 1344 ilbraham
566 1277 708 1362 Deeauo,
735 1279 845 1344 Blasio
871 1277 1022 1364 Oustodc,
1047 1276 1195 1362 Nycolao

8 1392 19 1485 ᾗ
75 1381 218 1468 cantore,
250 1381 421 1466 lllyehoele
453 1381 628 1469 Gelerario,
661 1382 840 1468 ceterisque
871 1384 1035 1472 iratribus,
1058 1381 1193 1470 'ibidem

8 1492 19 1585 t
76 1490 294 1560 existentibus.

7 1590 20 1859 ι
148 1687 199 1751 (Aa
223 1688 327 1740 eredeti
340 1687 408 1741 utin
422 1691 520 1741 Knauz
531 1687 648 1754 Nindor‚
664 1690 778 1756 Magyar
792 1689 856 1742 Sion
870 1689 916 1742 111.
931 1689 987 1740 ket.
1001 1689 1062 1738 95⁰.
1077 1689 1094 1740 l.

7 1862 18 2017 Ι
528 1975 571 1986 ,...
610 1977 738 1986 --.-—-n-·

10 2020 25 2037 l.

168 2107 173 2114 ι

5 2178 23 2349 l

3 2416 18 2668 l
613 2529 692 2599 238.

80 2723 270 2796 Amlaoctri
284 2731 474 2796 leoneeateek
490 2732 756 2820 biaooyea'pleeelc
772 2753 810 2795 ce
828 2730 931 2796 Oebuz
957 2755 1055 2799 eomes
1081 2735 1113 2800 ds
1137 2733 1193 2799 Iet-

16 2891 18 2898 ,
80 2837 133 2899 utin
155 2849 275 2925 mester,
306 2839 434 2905 Hobold
464 2863 560 2906 comes
581 2841 645 2923 fio,
676 2841 762 2906 lebeti
792 2839 977 2905 birtolrescre
1008 2840 1193 2926 torpyo'bau.

583 2948 681 3012 1299.

172 3143 241 3210 Nos
258 3141 360 3209 irater
376 3141 561 3224 Stephanus
573 3141 786 3209 miseracione
795 3140 915 3206 Diuina
925 3140 1038 3210 Abbas
1049 3147 1197 3224 totusque

78 3247 251 3318 (ionuentus
265 3249 472 3317 Zaladiensis
489 3255 600 3316 notum
617 3249 756 3316 iacimus
773 3259 883 3315 tenore
900 3251 1101 3332 presencium
1129 3248 1196 3312 vni·

12 3350 17 3359 '
78 3358 180 3448 uersu,
197 3359 283 3444 quod
299 3361 415 3428 Comes
431 3359 578 3426 Oehuea
603 3368 696 3447 parte
721 3379 796 3444 una,
822 3363 854 3425 et
882 3358 1035 3442 Magister
1060 3357 1193 3443 Stepha-

7 3481 11 3489 ’
77 3484 130 3533 nus
144 3467 230 3536 lilius
248 3467 382 3534 Comitis
408 3467 549 3533 Hoboldi
574 3470 616 3534 eb
643 3469 749 3533 altera
774 3466 992 3551 personaliter
1024 3463 1193 3532 constituti

78 3591 176 3642 rorum
192 3576 294 3661 nobis,
312 3577 379 3642 tale
395 3575 615 3642 concambium
634 3576 668 3640 in
684 3577 826 3659 ipsorum
844 3573 1103 3660 possessionibus
1119 3593 1192 3640 eon·

2 3741 3 3744 ,
76 3679 144 3748 lessi
158 3691 232 3751 sunt
247 3683 330 3750 inter
345 3703 381 3750 se
396 3683 531 3750 fecisse:
549 3680 635 3764 quod
651 3683 738 3750 idem
755 3684 869 3749 Oomos
888 3681 996 3750 Ochus
1013 3681 1190 3765 possessio-

2 3828 6 3864 κ,
77 3807 128 3856 nes
142 3809 217 3859 suas
230 3790 399 3876 emptieias
414 3791 448 3854 in
465 3787 600 3855 Oltaroh
618 3789 826 3875 exhistentes,
843 3789 967 3856 scilicet
984 3789 1064 3855 duas
1092 3789 1191 3854 villas

2 3894 3 3904 ’
78 3895 237 3981 Wolcunu,
268 3898 376 3984 Byky‚
409 3905 441 3964 et
472 3897 673 3982 Sculkiolua‚
707 3897 961 3983 Haraulrylysy,
995 3895 1193 3979 Kalaehulg·

78 4005 153 4087 uelg,
169 4009 279 4075 villam
296 4006 406 4073 Sancti
423 4006 568 4092 Georgij,
586 4006 787 4092 lwanylyey,
806 4012 839 4071 et
862 4003 944 4069 duas
970 4002 1068 4068 villas
1093 4001 1194 4067 liuth-

78 4109 134 4186 iou.
151 4135 188 4181 sc
204 4117 389 4201 porcionem
406 4135 498 4182 suam
516 4115 557 4181 de
572 4122 660 4181 terra
675 4113 833 4196 Horuath,
851 4131 913 4197 que
930 4111 1015 4177 iacet
1030 4110 1063 4175 in
1080 4107 1195 4176 vieini·

2 4200 3 4288 l
78 4211 138 4286 t'ute
152 4229 234 4292 terre
251 4224 384 4292 Comitis
399 4224 457 4291 Ine
474 4222 625 4290 similiter
641 4221 789 4288 Horuath
804 4225 1002 4304 nuncupata,
1021 4217 1095 4284 licet
1111 4214 1194 4284 idem

80 4325 183 4399 Comes
216 4333 275 4399 Ine
307 4329 506 4418 prohibuerit
531 4329 687 4396 Comitem
715 4327 825 4394 Oelrua
850 4348 871 4392 a
896 4323 1078 4392 donacione
1110 4333 1194 4389 terre

2 4421 3 4430 ¹
79 4447 261 4524 memorete3
278 4439 356 4510 item
371 4445 490 4506 terram
506 4438 625 4504 Zamar
642 4441 674 4502 et
692 4433 831 4503 Molnari
847 4431 999 4500 similiter
1025 4431 1195 4517 empticius

2 4509 24 4568 '¹
62 4587 64 4593 ι
82 4543 119 4608 sd
132 4543 282 4613 Scemene
299 4546 507 4633 pertinentes,
526 4566 565 4610 ac
581 4545 764 4629 porcionem
781 4561 873 4607 suam
899 4539 939 4605 de
966 4535 1079 4604 eadem
1112 4537 1191 4606 villa

2 4654 4 4742 l
81 4647 223 4722 Quone
239 4655 345 4739 ipsum
362 4651 614 4738 contingentem,
631 4651 665 4716 in
682 4650 749 4734 hijs
765 4648 862 4716 metis
879 4653 910 4715 et
927 4647 1083 4732 terminis,
1108 4647 1197 4714 sieut
