3234 5194
629 937 682 1006 st.

99 1116 143 1182 Aa
158 1121 349 1204 cacterqami
375 1118 604 1202 keiptalumnalc
633 1139 821 1204 uqyaaozcn
848 1117 1041 1202 eyyezkcdc'ot
1072 1118 1226 1202 tdrqyazd

464 1223 735 1310 bizemysdqlevele.
753 1224 850 1286 1291.

200 1399 372 1467 Uniuersis
387 1405 553 1486 presentes
578 1401 705 1468 litteras
731 1399 926 1484 inspecturis
956 1397 1141 1484 Capitulum
1166 1399 1220 1464 Ec·

99 1507 191 1573 closis
208 1505 447 1590 strigoniensis
461 1510 600 1574 salutem
615 1511 651 1575 in
666 1507 805 1574 Domino
823 1507 1062 1594 sempiternam.
1079 1504 1133 1570 Ad
1157 1505 1225 1572 vni·

22 1625 25 1676 3·
98 1633 261 1680 uersorum
302 1615 457 1681 noticiam
489 1621 599 1682 tenore
629 1615 831 1700 presencium
863 1615 1011 1680 volumus
1043 1612 1224 1698 peruenire,

22 1733 24 1806 ᾗ
98 1721 319 1804 significantes
334 1722 495 1788 uniuersis
520 1723 721 1808 presencium
748 1721 901 1787 noticiam
927 1720 1106 1800 habituris,
1138 1719 1223 1802 quod

99 1848 164 1895 cum
193 1829 280 1896 inter
307 1831 527 1897 venerabilem
545 1837 670 1914 patrem
696 1829 861 1897 dominum
887 1837 1031 1896 nostrum
1057 1829 1222 1894 domiuum

98 1935 320 2002 bodomcrirrm
337 1936 549 2003 miseracione
566 1937 687 2003 Diuina
715 1937 1001 2021 Archiepisoopum
1028 1937 1223 2019 Strigonien-

97 2063 161 2108 sem
176 2043 309 2108 nomine
325 2043 471 2126 Magistri
487 2043 608 2109 Thome
624 2043 782 2128 Prepositi
801 2044 912 2109 Sancti
928 2043 1051 2110 Thome
1077 2044 1221 2110 Martiris

22 2151 24 2202 Ῑ
98 2147 136 2216 de
150 2149 377 2216 Promontorio
389 2150 614 2232 Strigonieusi‚
626 2153 761 2216 scolaris
778 2151 936 2237 Paduani,
956 2158 987 2216 et
1004 2150 1147 2236 Capituli
1161 2151 1223 2216 loci

22 2267 25 2314 i
97 2256 238 2323 eiusdem
256 2279 297 2322 ex
315 2277 379 2321 uua
396 2263 498 2340 parte,
530 2265 562 2323 ct
590 2257 790 2324 Conuentum
815 2257 1040 2340 religiosarum
1067 2277 1222 2344 persona-

22 2357 23 2362 ’
97 2383 162 2429 rum
177 2383 326 2431 sororum
342 2362 529 2446 Monasterij
548 2363 667 2430 Sancte
684 2365 783 2429 llarie
800 2363 840 2429 de
856 2365 969 2430 Insula
985 2363 1077 2429 irrxta
1094 2363 1220 2430 Budam

22 2493 24 2562 j
98 2487 135 2534 ex
151 2472 268 2552 altera,
285 2489 383 2556 super
399 2469 573 2536 medietate
599 2469 711 2535 tributi
735 2471 797 2536 fori
823 2469 864 2536 dc
889 2471 996 2536 Veteri
1021 2471 1107 2557 Pest,
1125 2490 1222 2553 quam

22 2569 24 2654 Q
98 2595 134 2641 ex
160 2577 343 2643 collacione
368 2575 471 2643 felicis
496 2576 735 2644 recordacionis
763 2579 922 2662 quondam
949 2577 1090 2643 Emerici
1124 2578 1221 2660 Regis
1287 2659 1294 2672 ¹

22 2669 25 2752 Ϊ
97 2683 264 2766 Hungarie
281 2691 465 2768 competere
496 2685 558 2752 sibi
586 2685 725 2769 dicebat,
758 2687 903 2771 predicte
935 2686 1079 2751 Ecclesie
1111 2683 1222 2749 Sancti

22 2813 23 2878 3
100 2787 229 2876 Thema
246 2792 340 2858 cuius
358 2792 500 2858 Ecclesia
516 2792 559 2855 ad
575 2791 679 2878 ipsius
706 2791 827 2859 domiui
853 2792 952 2858 nostri
979 2789 1224 2876 Archiepiscopi

22 2897 24 2910 '
100 2895 353 2962 sollicitudinem
394 2897 585 2981 pertinentis
612 2901 875 2982 procuracionem
901 2899 971 2983 ipsc
999 2899 1082 2981 gerit
1115 2897 1223 2981 quoad

101 3023 240 3088 presens,
258 3005 398 3090 primum
414 3023 522 3070 coram
539 3007 629 3089 Rege
644 3005 800 3073 Ladinlao
818 3007 974 3090 Vngarie,
1004 3012 1035 3070 et
1063 3025 1148 3070 nunc
1175 3025 1221 3070 co·

22 3141 24 3190 1
102 3128 166 3175 mm
182 3111 321 3178 Andrea
335 3111 397 3178 Dei
414 3113 527 3196 gracia
542 3114 646 3197 Regni
674 3115 840 3199 Huugarie
865 3116 953 3196 Rege
978 3112 1108 3199 illustri,
1133 3118 1222 3178 mota

103 3216 211 3284 luisset
227 3218 367 3286 materia
383 3219 572 3305 questionis,
590 3227 621 3286 et
637 3221 710 3306 ipsa
726 3223 851 3304 questio
878 3220 994 3287 fuisset
1020 3219 1223 3303 aliquamdiu

22 3391 24 3402 q
103 3326 265 3415 uentilata,
284 3335 315 3393 et
330 3327 533 3413 postmodum
549 3347 609 3414 per
634 3322 773 3395 cundem
800 3328 965 3394 domiuum
991 3333 1137 3394 nostrum
1163 3327 1220 3392 Ar-

103 3432 354 3522 chiepiscopum,
371 3441 404 3501 et
420 3435 537 3501 fratres
564 3435 720 3519 Vgrinum
745 3436 847 3501 filium
872 3434 1013 3502 Parastlr
1040 3433 1080 3500 de
1105 3455 1223 3518 genere

22 3547 24 3636 ᾗ
101 3537 202 3627 chau,
221 3542 417 3625 Gregorium
434 3543 613 3629 Lectorcm,
630 3543 767 3609 Paulum
793 3549 825 3608 et
850 3541 1011 3610 Briccium
1036 3540 1077 3608 de
1103 3543 1223 3611 Ordine

103 3643 247 3715 Fratrum
263 3649 514 3735 Predicatorum,
530 3649 674 3734 ipsarum
690 3649 918 3733 religiosarum
935 3669 1081 3715 sororum
1110 3669 1223 3735 procu·

104 3762 226 3823 ratores
258 3757 413 3838 legaliter
444 3758 629 3839 institutos,
660 3757 757 3824 etde
790 3755 1024 3824 ratihabicionc
1050 3755 1223 3825 earundem

102 3865 392 3932 sanctimonialium
423 3867 575 3933 mandato
602 3867 776 3933 sufficienti
803 3869 963 3954 munitos,
995 3867 1029 3932 iu
1056 3883 1224 3952 personam

104 3973 246 4042 eiusdem
265 3975 385 4042 domini
402 3975 505 4041 nostri
521 3976 655 4042 Andree
680 3977 790 4063 Regis,
818 3978 877 4043 sub
904 3975 1113 4063 apposicione
1139 3982 1224 4040 certe

104 4101 180 4168 pene
197 4084 397 4168 pecuniaria
424 4105 520 4168 quam
548 4104 624 4170 pars
649 4105 713 4151 uon
739 4091 914 4170 acceptans
940 4084 1066 4150 soluere
1093 4081 1225 4148 deberet

22 4183 24 4188 ’
104 4193 185 4273 parti
202 4193 372 4258 arbitrium
387 4192 580 4279 acceptasti,
610 4213 650 4257 ex
676 4199 815 4278 utraque
841 4201 934 4278 parte
960 4189 1223 4276 compromissum

22 4309 24 4356 :
105 4295 233 4382 fuissem
251 4299 381 4364 taudem
400 4300 689 4384 utriusquepartis
707 4299 931 4366 instrumentis
942 4317 1049 4364 coram
1061 4296 1226 4381 deputatis

22 4425 23 4466 3
105 4403 268 4471 adomino
284 4412 391 4473 nostro
408 4409 498 4491 Rege
513 4407 653 4474 Prelatis
670 4415 701 4473 et
718 4408 910 4493 Beronibus,
928 4406 1053 4472 iusticie
1079 4405 1224 4471 zelatori·

22 4515 23 4600 }
106 4511 170 4596 bus,
187 4511 356 4580 hincinde
372 4514 526 4582 exhibitis
542 4516 640 4600 plenc
657 4513 818 4599 perlectis,
844 4514 1018 4597 diligenter
1030 4510 1225 4578 examinatis

22 4647 23 4662 ι
106 4624 135 4684 et
149 4621 275 4710 plenius
290 4621 476 4707 intellectis,
503 4629 579 4687 autc
605 4629 755 4688 euentum
781 4622 905 4707 arbitrij
935 4621 1006 4686 siue
1036 4617 1129 4686 laudi
1154 4641 1224 4704 pro·

22 4723 24 4834 Ξ
146 4754 491 4795 uounu.nurss.u1su.-—
512 4757 583 4794 nuru.
604 4753 641 4796 tt.
1097 4730 1119 4794 4
