3180 5202
752 367 911 468 jes-

262 565 336 644 ipso
352 559 457 630 iudice
473 559 593 630 debent
608 582 814 651 comparere,
830 565 964 650 placare
980 563 1185 633 tenebuntur.
1219 565 1342 630 Datum
1370 563 1407 631 in

263 670 389 738 octenis
405 669 517 738 Sancti
533 671 673 738 Martini.

373 776 511 844 Kivnt
537 779 741 866 egylroru
772 779 937 846 ktazel.
970 777 1097 847 Contra
1129 777 1232 846 filium
1265 777 1402 846 Comitis

267 882 374 952 Keled
388 905 448 970 pro
464 885 541 971 filijs
558 885 668 954 stet:

269 1081 405 1164 (Eredciie
419 1078 595 1148 btrhlrtyim
605 1098 623 1134 s
635 1079 773 1148 cirpecset
786 1067 846 1135 mir
862 1082 990 1138 lehullott
1003 1103 1010 1144 3
1023 1097 1041 1133 a
1050 1099 1137 1134 noma.
1152 1097 1276 1134 marcum
1289 1079 1409 1134 herirat·

772 1169 912 1238 rossan.)

731 1443 944 1453 -—-—

800 1889 875 1956 299.

282 2076 313 2142 Α
330 2083 463 2148 caecant
476 2081 696 2165 kciptoiaanok
712 2080 985 2168 bizonysciglcvele
1009 2085 1091 2170 hoyy
1099 2084 1164 2152 Jdk
1182 2085 1421 2170 cenasseqtett

282 2185 399 2252 Mikros
416 2209 456 2251 oz
472 2191 564 2272 otyjc
583 2190 667 2254 strat
683 2191 906 2274 ctzdlogcsitott
922 2191 1059 2258 cirroteca
1083 2192 1330 2258 cisszacdltctta.
1361 2171 1438 2262 ἢ·

789 2297 912 2362 essm
949 2281 1269 2402 mmsis„

397 2489 465 2557 Nos
488 2491 673 2576 Capitulum
697 2491 844 2559 Ecclesic
875 2491 988 2557 Sancti
1019 2491 1186 2558 Michaelis
1216 2491 1419 2577 Archangeli

287 2597 327 2663 de
344 2595 458 2663 Castro
475 2596 595 2664 Ferreo
612 2597 728 2665 damus
743 2617 803 2683 pro
829 2597 993 2681 memoris,
1025 2598 1110 2682 quod
1135 2619 1208 2666 cum
1235 2598 1416 2666 secundum

286 2705 523 2772 continenciam
553 2705 735 2772 litterarum
759 2705 910 2789 Magistri
942 2704 1037 2772 Pauli
1067 2704 1191 2772 Judicis
1232 2705 1330 2772 curie
1360 2707 1418 2772 do·

288 2814 367 2879 mini
397 2811 504 2897 Regis,
536 2811 691 2879 Nicolaus
721 2813 806 2880 filius
837 2814 964 2898 Kemyn
990 2813 1032 2879 (le
1062 2831 1182 2898 genere
1212 2813 1280 2880 Jnk
1313 2813 1348 2877 in
1363 2833 1417 2878 oc·-

290 2920 374 2986 tauis
391 2919 491 3004 mcdij
510 2919 634 2986 XLme
651 2921 888 3006 possessionem
904 2939 998 2987 suam
1027 2939 1085 3007 per
1117 2921 1254 2987 eundem
1286 2921 1418 3004 Kemyn

288 3037 414 3116 patrem
430 3048 524 3097 suum
541 3028 719 3114 obligatam
735 3030 777 3096 ab
793 3029 928 3097 Andros
943 3035 976 3096 et
990 3027 1113 3096 Jacobs
1128 3027 1208 3114 filijs
1224 3029 1363 3114 Renoldj
1379 3045 1422 3092 ao

289 3139 459 3224 Mychaele
473 3135 541 3204 filio
552 3136 848 3205 Jakcoramnobis
858 3136 1017 3205 redimere
1036 3137 1210 3221 debuisset,
1221 3135 1420 3203 adueniente

289 3247 361 3334 ipso
392 3244 529 3311 termino
562 3244 606 3310 ad
637 3245 894 3330 redempcionem
910 3243 1055 3312 eiusdem
1079 3243 1316 3331 possessionis,
1331 3241 1420 3308 vide-

290 3355 368 3421 licet
399 3353 499 3420 tercie
516 3351 618 3438 partis
634 3353 726 3438 Nykt
741 3359 857 3420 vocate
873 3349 1002 3419 Andree
1033 3356 1065 3418 et
1095 3351 1220 3418 Jacobs
1249 3349 1330 3434 filijs
1358 3347 1422 3413 Re-

294 3460 386 3527 noldi
401 3457 544 3526 mediam
560 3479 713 3544 mercam,
728 3457 881 3526 Michaeli
897 3478 974 3526 uero
999 3445 1065 3525 fi'lio
1096 3457 1163 3524 Jak
1193 3475 1292 3524 vnum
1323 3455 1421 3522 ferto·

292 3587 365 3634 nem
380 3565 519 3634 exsoluit
534 3573 566 3632 et
580 3565 716 3634 redemit
731 3585 840 3633 coram
856 3565 969 3650 nobis;
987 3572 1020 3632 et
1033 3565 1121 3633 idem
1144 3563 1295 3631 Andreas
1320 3569 1354 3628 et
1367 3562 1428 3628 Je-

293 3675 392 3745 eobus
407 3671 467 3758 filij
483 3673 631 3760 Renoldi,
645 3694 685 3742 ac
700 3675 839 3741 Michael
853 3675 938 3741 filins
962 3673 1050 3741 Jaak
1081 3693 1123 3740 ex
1153 3677 1246 3758 parte
1275 3671 1429 3757 ipsorum-

293 3781 529 3851 renunciaront
544 3788 576 3848 et
592 3781 808 3849 restituerant.
833 3783 955 3847 Datum
987 3778 1072 3847 scria
1101 3775 1244 3846 secunda
1266 3776 1431 3863 ,proxima

295 3897 369 3978 post
383 3889 587 3958 Dominicam
602 3889 724 3957 Judica
739 3908 825 3957 anno
840 3887 974 3956 Domini
988 3887 1038 3954 M⁰
1054 3884 1124 3952 000
1139 3923 1184 3936 -
1203 3923 1240 3936 -

440 4089 576 4156 (Ersdetie
588 4084 764 4155 bitrhairtyaim
777 4104 795 4140 a
806 4103 893 4139 noma.
913 4101 1036 4137 munaum
1049 4080 1297 4150 henirattiraiban.)
