3132 5192
378 1100 630 1187 Amqua'radt'
644 1102 867 1188 kdpdalaltnstk
883 1104 1159 1190 bizonysdylavels,
1186 1108 1268 1188 how
1296 1087 1420 1168 &meri
1443 1103 1494 1167 Ja.

375 1209 435 1273 itud
451 1211 599 1275 Demeter
612 1211 644 1275 dc
665 1209 793 1299 T‘JL'Q'
809 1211 1003 1294 oecttjocott
1021 1211 1112 1274 Peter
1128 1233 1234 1289 comcs,
1248 1211 1374 1294 Durrcp
1382 1209 1492 1290 fidant

822 1317 938 1382 eludto.
966 1318 1062 1381 1292.

435 1539 438 1544 ·
487 1511 670 1596 Capitulum
686 1510 832 1579 Ecclesie
847 1511 1071 1580 Waradiensis
1088 1513 1239 1580 omnibus
1255 1510 1381 1578 Christi
1406 1507 1496 1573 fideli·
1556 1499 1557 1514 ¹

381 1621 439 1686 bus
458 1637 592 1706 presens
608 1619 763 1703 scriptum
780 1617 976 1704 inspecturis
994 1619 1133 1686 sulutem
1160 1620 1193 1684 in
1220 1619 1364 1684 Domino
1390 1615 1495 1698 sempi-
1555 1639 1557 1704 j

379 1725 548 1810 piternam.
579 1723 630 1788 Ad
656 1727 878 1791 uniuersorum
905 1725 1058 1790 noticiam
1084 1734 1151 1791 tam
1177 1725 1387 1810 presencium
1413 1740 1498 1803 quam
1555 1705 1557 1794 ζ

378 1831 555 1898 futurorum
571 1831 684 1898 harum
701 1833 788 1897 serie
804 1834 951 1898 volumus
967 1831 1145 1918 peruenire,
1161 1831 1248 1917 quod
1264 1833 1410 1900 Jacobus
1427 1828 1499 1894 lilius
1555 1811 1557 1888 ³

378 1939 548 2024 Laurencij
565 1938 738 2024 degenere
756 1939 863 2007 Vrswr
878 1961 936 2026 pro
952 1959 988 2006 se
1006 1947 1038 2006 et
1054 1941 1177 2008 Jacobo
1192 1941 1258 2006 iilic
1285 1961 1346 2006 sno
1374 1937 1416 2002 ab
1443 1955 1499 2000 una
1555 1947 1557 2030 ᾗ

379 2053 482 2135 purte,
499 2046 613 2113 Comes
628 2048 743 2114 Petrus
758 2047 843 2115 tilius
861 2050 975 2130 Durug
991 2047 1144 2115 similiter
1170 2069 1228 2133 pro
1254 2067 1301 2130 se,
1329 2043 1499 2111 laurencio
1555 2101 1557 2134 Ι

380 2159 411 2218 et
426 2152 562 2219 Nicolao
579 2153 732 2220 fratribus
747 2154 814 2220 suis
831 2156 872 2221 ab
899 2154 1012 2234 altera,
1039 2174 1146 2221 coram
1172 2154 1265 2220 nobis
1292 2149 1500 2237 personaliter
1555 2153 1557 2220 i

381 2259 547 2326 constituti
564 2268 798 2345 proposuerunt
814 2262 847 2327 in
865 2261 948 2327 hunc
966 2263 1116 2327 modum:
1144 2260 1230 2344 quod
1254 2259 1416 2344 quasdam
1441 2273 1498 2338 pos·
1555 2257 1557 2318 i

380 2367 543 2433 sessiones
560 2387 636 2434 suas
653 2367 877 2452 hereditarias,
896 2377 930 2432 vt
946 2369 1109 2455 dicebant,
1128 2369 1169 2434 ad
1186 2368 1326 2434 inuicem
1337 2360 1497 2432 cambiuis-
1554 2351 1557 2458 l

382 2479 454 2539 sent
470 2473 529 2539 teli
547 2475 652 2559 modo,
670 2474 755 2558 quod
773 2476 917 2558 pretiatus
933 2475 1075 2542 lacobus
1092 2473 1333 2560 possessionem
1351 2473 1497 2538 Demeter
1555 2461 1557 2548 ἕ

378 2587 537 2666 vocatam,
554 2583 588 2648 in
604 2602 668 2666 qua
684 2582 823 2648 ecclesia
847 2583 881 2648 iu
907 2582 1028 2648 honore
1055 2582 1149 2650 Beati
1176 2579 1340 2665 Demetrij
1367 2575 1497 2644 martiris
1553 2549 1557 2668 i,

378 2687 496 2754 dicitur
512 2708 583 2756 esse
599 2695 793 2773 constructa,
809 2695 841 2755 ct
857 2688 957 2754 aliam
974 2687 1213 2774 possessionem
1229 2687 1380 2772 Tamasy
1396 2683 1495 2772 appel·
1555 2675 1557 2736 t

379 2796 490 2882 latam,
508 2797 541 2862 in
558 2817 624 2881 qua
640 2795 780 2864 ecclesia
798 2797 831 2860 in
847 2795 969 2863 honore
995 2796 1107 2861 Sancti
1133 2794 1263 2861 Martini
1291 2792 1414 2862 dicitur
1438 2791 1495 2858 iore
1554 2757 1557 2876 f

380 2903 525 2987 lundata,
541 2904 575 2969 in
601 2903 762 2970 Comitutu
788 2901 830 2968 de
854 2901 1006 2969 Zcbonch
1033 2903 1221 2988 existentes,
1248 2923 1320 2968 curn
1358 2898 1494 2968 omnibus

379 3009 574 3078 utilitatibus
590 3010 764 3076 earundem
781 3017 812 3077 et
828 3009 1041 3096 pertinenciJs
1067 3011 1249 3076 Laurenciu
1275 3009 1345 3075 filio
1372 3003 1496 3085 Nicolai,
1556 3013 1557 3042 f

377 3119 500 3185 Jacobo
515 3117 583 3184 filio
598 3116 692 3186 Pauli
709 3122 742 3182 et
757 3115 936 3201 fratresuo,
947 3116 1126 3184 Ladinlauo
1145 3119 1185 3183 de
1204 3117 1317 3203 Cesty‚
1335 3111 1494 3182 Dominicu
1547 3143 1557 3166 -·

384 3227 450 3294 lilio
465 3225 609 3312 Markys‚
625 3225 774 3294 Johanne
789 3225 857 3291 tilio
874 3223 1032 3311 Chepani,
1044 3216 1496 3308 Cristophorofiliooytonul
1555 3217 1557 3300 f

378 3341 411 3399 et
425 3332 528 3399 fratre
545 3331 700 3419 eiusdem,
716 3331 939 3417 generacionis
956 3351 1013 3398 suc
1040 3331 1199 3414 cognatis,
1223 3330 1318 3400 iuxta
1342 3329 1492 3397 contincn·
1555 3325 1557 3402 ξ

378 3439 462 3506 ciam
477 3439 660 3506 litterarum
687 3440 830 3524 Capituli
855 3438 1036 3524 Agriensis,
1061 3445 1156 3523 prout
1181 3437 1215 3502 in
1241 3436 1366 3504 eisdem
1393 3431 1494 3502 litteris

379 3567 435 3631 per
452 3547 557 3631 ipsum
574 3545 731 3614 Jacobum
747 3548 840 3614 nobis
857 3546 1052 3632 presentatio
1080 3545 1237 3613 contineri
1265 3545 1418 3628 vidimus,
1434 3559 1494 3606 con·
1555 3581 1557 3588 ι

378 3653 597 3720 sencientibus
615 3661 648 3720 et
678 3655 946 3741 permittentibus,
977 3655 1011 3719 in
1043 3653 1266 3722 concambium
1300 3649 1495 3737 quarundam
1555 3703 1557 3736 ἶ

379 3761 623 3847 possessionum
640 3761 718 3827 dicti
736 3760 870 3829 Comitis
886 3764 974 3831 Petri
990 3769 1022 3830 et
1038 3762 1172 3830 fratrum
1189 3782 1328 3847 suorum,
1353 3761 1448 3828 lhaau
1469 3760 1495 3818 tl

376 3865 525 3934 &rasus
541 3875 726 3936 vocatarum
743 3871 776 3935 in
793 3869 904 3938 eodem
923 3873 1085 3938 Comitatu
1101 3871 1323 3955 existencium,
1341 3866 1495 3936 dedissent
1555 3903 1557 3914 ·

382 3981 415 4042 et
430 3974 655 4059 assignassent
672 3977 793 4045 eisdem
810 3978 888 4064 filijs
904 3979 1018 4060 Durug
1035 3985 1066 4044 et
1082 3997 1139 4063 per
1164 3978 1254 4062 ipsos
1280 3978 1425 4062 ipsorum
1450 3971 1493 4035 he·
1556 3959 1557 4006 3

379 4082 514 4149 renibus
533 4083 600 4150 iure
625 4092 782 4170 perpetuo
803 4097 835 4152 et
851 4085 1108 4152 irreuocabiliter
1133 4083 1386 4169 possidendam3
1403 4095 1493 4162 quem·

378 4189 551 4258 admodum
583 4211 772 4258 econuerso
802 4193 874 4276 ipse
900 4190 1014 4259 Comes
1029 4191 1146 4258 Petrus
1162 4191 1362 4276 prescriptae
1380 4199 1494 4274 posses·
1556 4231 1557 4234 ,

376 4297 486 4364 siones
503 4317 580 4365 suas
597 4297 699 4365 Ihaaz
727 4304 759 4366 et
783 4298 935 4367 Baranus
961 4300 1147 4366 nominatas
1173 4298 1302 4382 prelato
1328 4297 1447 4364 Jaccbc
1468 4295 1493 4353 et
1555 4323 1557 4330 v

376 4403 443 4470 auis
459 4402 631 4472 heredibus
650 4405 904 4472 irreuocubiliter
920 4406 1122 4489 assignauit3
1152 4411 1350 4472 memoratus
1375 4397 1492 4469 nichilo·

378 4510 486 4578 minus
503 4512 618 4580 Comes
634 4513 751 4581 Petrus
766 4511 900 4580 racione
915 4513 994 4580 dicti
1019 4511 1200 4598 concambij
1227 4509 1357 4598 prefato
1383 4505 1491 4579 daccbo
