3132 5192
369 1168 400 1234 A
417 1173 547 1255 epitrai
562 1173 792 1256 kdptoluanolc
807 1172 1082 1260 Mzonysdqleoele,
1101 1175 1186 1259 bopy
1203 1173 1375 1254 Milcdfiae'
1394 1175 1427 1235 e's
1452 1175 1495 1235 ἑν-

372 1279 558 1344 delttdrsaa'lc
576 1279 694 1344 Hersen
712 1289 791 1343 neoti
799 1280 941 1366 ftildp'ttlc
954 1283 1194 1347 harmudre'szdt
1207 1283 1390 1346 haelenae
1402 1281 1498 1344 Bence

368 1387 562 1471 dzvcpydneh
603 1387 722 1450 tristare
764 1391 798 1452 e‘s
830 1389 1096 1475 jepyajdcddltai
1128 1389 1264 1474 fejeberr
1301 1385 1494 1473 dtereyedtdlr.

884 1497 979 1560 1293.

647 1689 675 1754 Α
937 1693 963 1757 Β
1179 1693 1204 1758 C

477 1885 662 1970 Capitulum
678 1886 822 1954 Ecclesio
839 1889 1009 1954 Nitriensis
1026 1887 1175 1954 omnibus
1201 1886 1320 1954 Christi
1345 1884 1494 1950 fidelibus

368 1991 411 2056 ad
428 2013 509 2076 quos
534 1999 702 2078 presentes
719 1995 826 2060 littere
850 1996 1205 2080 peruenerintsalutem
1216 1996 1250 2059 in
1261 1995 1402 2060 Domino
1418 2011 1493 2056 sem·

369 2101 543 2183 pitemam.
560 2099 612 2164 Ad
629 2103 852 2168 uniuersorum
868 2102 1020 2172 noticiam
1045 2109 1154 2168 tenore
1180 2102 1387 2187 presencium
1412 2099 1493 2163 uolu-

370 2226 441 2272 mus
457 2207 636 2290 peruenire,
654 2209 738 2290 quod
766 2210 935 2276 Marcellus
963 2219 995 2276 ct
1021 2210 1209 2276 Dominicus
1234 2209 1290 2292 filij
1323 2209 1408 2272 blico
1441 2224 1491 2288 pru

368 2333 404 2380 se
419 2321 451 2376 et
466 2334 523 2398 pro
541 2315 733 2400 Wgernech,
750 2335 789 2382 ae
805 2337 861 2402 pro
879 2319 988 2383 luano
1005 2319 1070 2384 olio
1095 2316 1293 2405 (Michaelis)
1319 2311 1492 2400 personali·

368 2428 417 2488 ter
433 2421 617 2488 astantibus
630 2447 637 2506 ;
655 2423 777 2489 Farcas
793 2425 879 2492 filius
889 2425 1019 2512 Mathis,
1032 2433 1064 2492 et
1079 2423 1266 2491 Alexander
1276 2425 1362 2490 filins
1373 2425 1486 2489 Macra·

369 2527 458 2614 heus,
478 2527 570 2595 Gude
586 2529 672 2598 filius
687 2531 783 2598 Tonk
799 2552 857 2616 pro
883 2553 919 2600 se
935 2540 967 2600 et
991 2553 1048 2618 pro
1072 2533 1207 2600 Nicolao
1233 2553 1273 2598 ac
1306 2553 1367 2616 pro
1403 2531 1491 2595 Petro

377 2631 533 2702 iratribus
549 2637 628 2724 suis,
646 2637 768 2704 nobiles
786 2639 827 2704 de
847 2675 884 2688 -
906 2681 942 2690 -
968 2677 1003 2687 -
1020 2638 1215 2707 adnostram
1231 2637 1492 2722 presenciamac-

373 2739 535 2826 cedentes,
554 2753 788 2830 proposuerunt
818 2749 949 2830 publice
967 2769 1024 2834 per·
1048 2748 1134 2814 hunc
1159 2747 1307 2812 modum:
1341 2744 1428 2830 quod
1451 2740 1487 2804 de

374 2853 460 2914 terra
491 2850 652 2938 Hecohen,
684 2873 781 2936 quam
813 2854 890 2920 olim
923 2853 1028 2922 B'ense
1044 2855 1130 2922 filius
1141 2853 1310 2921 Benedicti
1335 2857 1487 2934 cognatus

372 2957 545 3022 eorundem
590 2957 806 3041 mediantibus
839 2962 954 3029 litteris
980 2961 1243 3048 priuilegialibus
1269 2959 1420 3026 Ladizlai
1442 2953 1487 3040 pie

378 3062 613 3131 recordacionis
637 3065 801 3152 quondam
828 3069 928 3154 Regis
954 3071 1097 3155 Vngarie
1133 3068 1344 3155 possedisset,
1370 3068 1412 3133 dc
1442 3081 1487 3128 ea-

373 3167 446 3234 dem
471 3170 605 3238 terciam
622 3180 748 3256 partcm
769 3174 871 3261 ipsius
887 3183 971 3243 terre
997 3178 1161 3264 Hecaben,
1187 3177 1221 3242 in
1247 3175 1374 3242 eisdem
1399 3170 1486 3236 ruetis

368 3283 400 3341 ct
416 3276 571 3363 terminis,
596 3279 788 3348 utilitatibus
805 3291 836 3348 et
852 3284 1065 3370 pertinencijs
1080 3282 1247 3366 uniuersis,
1264 3282 1349 3349 sieut
1365 3283 1400 3346 in
1424 3296 1487 3362 pre·

365 3381 453 3448 dicto
468 3384 642 3468 priuilegio
659 3389 776 3472 Regali
793 3391 919 3474 plenius
937 3392 1129 3478 continetur,
1146 3415 1166 3458 a
1182 3398 1277 3475 parte
1300 3386 1487 3456 meridiona·

366 3487 401 3573 li,
421 3491 475 3555 ubi
491 3497 577 3556 terra
594 3493 711 3558 Mathis
728 3494 785 3580 filij
804 3496 967 3583 Manchyls
984 3499 1146 3564 uicinatur
1163 3498 1292 3564 domine
1308 3497 1421 3562 Kalhu
1446 3507 1486 3554 re·

369 3591 450 3658 licto
467 3597 583 3684 Bcnse,
602 3601 758 3684 sepedicti
769 3603 803 3669 in
813 3605 1006 3672 solucionem
1016 3611 1049 3672 et
1064 3605 1326 3672 satisfaccionem
1342 3601 1489 3670 dotissue

367 3706 399 3765 et
410 3720 514 3766 rerum
525 3703 791 3794 paratarnalium,
802 3710 953 3792 quamdiu
964 3714 1093 3800 uixerit,
1106 3721 1138 3779 et
1147 3735 1205 3798 pro
1217 3719 1336 3798 quarta
1358 3711 1484 3776 duarum
1524 3785 1527 3790 ¹

368 3803 507 3873 filiarum
523 3807 626 3893 ipsius
643 3813 749 3881 Bense
766 3855 809 3865 -
826 3855 869 3865 -
885 3821 1072 3905 Margareta
1098 3830 1130 3887 et
1155 3821 1269 3886 Kncha
1294 3826 1486 3894 uocatamm,

367 3920 399 3978 et
417 3913 586 3983 heredibus
603 3920 779 3988 earundem
795 3931 977 3993 statuerunt
993 3937 1024 3994 et
1039 3929 1235 4014 reliquerunt
1250 3924 1483 4014 possidendam.

371 4022 639 4106 Assumpmentes
672 4027 828 4110 sepedicti
844 4031 967 4100 nobiles
982 4033 1115 4100 firmiter
1131 4054 1166 4099 se
1191 4031 1385 4115 obligando:
1411 4021 1485 4110 quod

366 4127 394 4193 si
410 4148 568 4212 processu
601 4133 755 4218 temporis
772 4138 899 4204 racione
915 4139 1059 4224 predicte
1082 4143 1182 4224 partis
1198 4140 1355 4207 Hecaben
1384 4131 1482 4204 eedem

366 4233 495 4302 domine
511 4258 569 4322 per
586 4243 844 4323 consanguineos
861 4253 918 4311 aut
935 4247 1131 4332 propinquos
1148 4248 1326 4313 eorundem
1336 4242 1484 4311 nobilium

366 4344 624 4426 molestarentur,
658 4349 790 4414 easdem
821 4351 1006 4420 deffendere
1038 4363 1070 4419 et
1100 4363 1271 4441 protegere
1304 4355 1482 4419 tenerentur

365 4450 504 4534 proprijs
522 4452 686 4521 laboribus
704 4461 736 4519 et
752 4459 913 4542 expensis.
932 4461 969 4525 ln
986 4463 1074 4528 auius
1094 4463 1141 4528 rei
1157 4463 1390 4547 testimonium,
1409 4451 1480 4526 etad

368 4559 524 4624 maiorem
558 4562 769 4628 stabilitatem
795 4572 963 4650 presentes
988 4569 1116 4636 litteras
1142 4571 1361 4638 concessimus
1395 4558 1481 4651 sigili
