3180 5202
873 367 1033 471 „em-

257 639 262 644 ,
385 563 507 656 piendo
522 565 653 636 scilicet
667 563 819 644 infinum,
837 573 901 633 eta
917 565 1019 632 fluuio
1035 563 1311 632 Wolkownoccto
1327 563 1515 648 abantiquo
1559 614 1565 623 .

385 682 480 762 portu
498 675 642 742 eiusdem
657 675 759 760 flnnij,
785 694 844 761 per
869 694 964 758 quem
979 672 1110 758 quidem
1128 673 1264 739 fluuium
1279 673 1409 739 Volkov
1425 689 1516 736 noca

386 791 455 851 tum
472 787 506 872 in
521 783 803 851 commetaneitatc
819 789 978 850 terrarum
1004 780 1154 866 Dyonisij
1182 781 1240 866 filij
1267 779 1400 845 Mortun
1416 777 1516 844 eciem

383 892 525 958 Tulman
541 897 731 958 uocatarum
758 909 816 976 per
842 909 971 957 cursum
998 887 1144 956 eiusdem
1160 889 1253 974 fluuij
1285 882 1457 955 deseendit
1473 885 1513 951 ad

384 1007 512 1084 partem
528 999 728 1084 orientalem,
748 999 913 1083 exigitque
926 994 1014 1084 (tgy)
1031 995 1198 1064 abeodem
1214 996 1315 1062 fluuio
1332 992 1377 1061 ed
1392 985 1518 1081 partem

384 1107 629 1176 meridionalem
641 1105 685 1171 cd
695 1107 778 1173 duas
795 1112 900 1172 metes
917 1111 1042 1171 terreas
1057 1106 1240 1188 angulares,
1257 1103 1292 1168 in
1308 1103 1430 1186 quibus
1446 1109 1517 1168 snut

384 1218 518 1282 arbores
532 1215 664 1301 ilycnm,
680 1213 734 1279 nbi
752 1213 1016 1280 commetaneites
1033 1217 1191 1279 terrerum
1207 1209 1350 1296 predicti
1378 1208 1516 1292 Dionisij
1575 1227 1577 1342 3

387 1324 589 1406 terminatur,
621 1328 654 1388 et
685 1320 802 1406 incipit
830 1327 939 1388 tenere
969 1319 1282 1387 commetaneitatem
1319 1337 1395 1386 cnm
1435 1323 1517 1384 terra
1575 1367 1577 1400 ,

388 1428 537 1512 Lngrech
568 1428 626 1512 filij
670 1427 811 1512 Logreth
842 1427 884 1492 de
924 1445 1045 1512 genere
1080 1423 1369 1508 Zenthemagneh3
1402 1423 1519 1490 abhinc
1575 1429 1577 1514 ξ

388 1536 532 1602 declinat
561 1536 605 1600 ad
639 1541 764 1620 partem
795 1533 1041 1601 meridionalem
1082 1555 1140 1619 per
1178 1533 1313 1600 arbores
1351 1531 1521 1613 consigna·
1575 1529 1577 1620 3

389 1650 441 1708 tas
474 1643 580 1728 serro;
614 1649 646 1708 et
669 1643 868 1709 transeundo
893 1663 992 1709 nnam
1017 1642 1104 1709 viam
1140 1661 1295 1725 magnam
1321 1641 1456 1706 venitur
1477 1637 1517 1706 ed
1575 1641 1577 1742 3

392 1749 567 1834 quamdam
598 1769 752 1834 magnam
777 1751 925 1816 arborem
950 1749 1068 1833 ilycem
1103 1749 1256 1815 crucibus
1288 1749 1522 1829 consignatam,
1575 1761 1577 1840 ξ

354 1885 357 1893 ·
389 1859 527 1924 terrisue
543 1857 760 1941 cumulatam3
777 1856 898 1923 abinde
913 1878 971 1942 per
987 1854 1164 1940 quamdam
1190 1873 1347 1938 magnam
1365 1853 1455 1918 viam
1471 1873 1520 1916 an·
1575 1851 1577 1938 3

387 1967 510 2046 tiquam
528 1963 660 2030 deuenit
675 1964 719 2029 ed
735 1971 860 2050 partem
885 1963 1101 2048 orientalem,
1134 1971 1167 2028 et
1194 1962 1323 2030 neuitnr
1340 1961 1384 2027 ad
1401 1959 1520 2025 binium
1572 1955 1577 2018 t

390 2091 493 2156 prope
516 2071 625 2137 villam
656 2071 800 2137 eiusdem
831 2071 978 2154 Logrech
1006 2069 1094 2159 (tgy)
1118 2069 1318 2137 Bechefolua
1350 2073 1517 2148 vocatam,
1575 2145 1577 2162 ,

391 2175 497 2241 adhue
514 2195 573 2259 per
589 2176 824 2243 eandemvium
834 2176 926 2242 vadit
941 2177 984 2242 ad
994 2184 1061 2243 tres
1075 2185 1184 2244 metas
1197 2181 1320 2242 terreas
1337 2175 1519 2259 angulares,
1574 2171 1577 2260 3

392 2301 527 2365 quarum
551 2302 617 2348 unc
647 2290 780 2368 separat
810 2281 917 2349 eidem
932 2283 1082 2366 Logrceh
1098 2281 1206 2371 (tgy)‚
1229 2283 1377 2349 secunda
1393 2285 1519 2370 separat

393 2387 470 2472 filijs
485 2387 647 2455 Dominici
663 2389 703 2455 de
720 2409 838 2472 genere
848 2389 1122 2476 Zenthemagueh,
1138 2389 1241 2456 tercia
1256 2401 1398 2477 separat
1414 2408 1518 2475 snpra·
1575 2375 1577 2460 l

393 2494 479 2560 dicte
495 2496 697 2580 possessioni
713 2498 978 2582 santamente,
998 2499 1055 2566 vbi
1069 2499 1339 2565 commetaneitas
1356 2505 1513 2566 terrarum
1575 2511 1577 2578 f

392 2602 530 2687 predicti
545 2604 693 2688 Logreeh
710 2602 797 2692 (tgy)
823 2607 1032 2692 terminatur,
1066 2613 1098 2672 et
1113 2606 1227 2692 incipit
1254 2613 1367 2674 tenere
1384 2623 1515 2673 comme·
1576 2591 1577 2650 3

390 2713 582 2779 taneitatem
599 2732 671 2780 cum
686 2720 774 2780 terra
790 2715 925 2780 liliorum
942 2714 1083 2798 predicti
1107 2715 1291 2798 Dominici,
1316 2714 1435 2798 itaque
1451 2733 1515 2799 pro·

395 2819 481 2886 cedit
496 2821 539 2886 ad
555 2821 694 2886 eundem
710 2829 837 2907 partem
854 2823 1099 2889 meridionalem
1119 2822 1275 2889 adunam
1291 2825 1445 2890 arborem
1460 2820 1514 2908 piri
1576 2821 1577 2884 ζ

394 2930 480 3011 wlgo
506 2929 660 3016 Rouboyd
685 2930 857 2998 kurthuele
888 2931 1008 2996 dictum
1042 2931 1236 2996 existentem
1261 2932 1357 2998 iuxta
1387 2932 1516 2997 flnninm
1575 2939 1577 2944 '

391 3035 532 3104 Wollrov
556 3037 797 3124 supradictum,
828 3037 885 3104 nbi
908 3040 1174 3105 commetcneitas
1204 3043 1366 3105 terrarum
1382 3037 1516 3105 tiliorum
1575 3057 1577 3096 1

391 3142 553 3208 Dominici
569 3145 763 3210 terminatur
772 3195 780 3229 ,
807 3148 840 3212 et
856 3145 969 3230 incipit
985 3153 1095 3212 tenere
1112 3145 1432 3212 commetaneitatem
1447 3163 1518 3211 eum
1576 3153 1577 3156 ’

391 3259 478 3318 terra
494 3251 653 3336 Demetrij
672 3253 713 3319 de
729 3273 848 3336 genere
873 3253 1152 3337 Zenthcmagnch3
1179 3254 1298 3321 deinde
1323 3251 1472 3320 cadendo
1487 3251 1516 3314 in

392 3377 510 3441 aquam
524 3359 665 3426 Wolkov
681 3381 739 3444 per
764 3379 891 3426 cursum
908 3359 1052 3428 eiusdem
1076 3379 1161 3445 aque
1186 3360 1317 3428 veditur
1340 3361 1376 3426 in
1405 3377 1516 3444 magno

391 3465 512 3552 specio,
530 3471 561 3531 et
576 3467 764 3550 peruenitur
779 3470 824 3534 ad
840 3469 931 3535 illum
948 3467 1055 3535 locum
1065 3519 1075 3554 ,
1091 3469 1125 3534 in
1141 3487 1203 3553 quo
1220 3469 1351 3552 quidem
1368 3468 1442 3536 loco
1459 3469 1515 3551 hyc

391 3571 508 3636 fluuius
525 3572 644 3639 Wlkou
661 3571 746 3660 (tgy)
762 3575 877 3660 recipit
892 3575 925 3639 in
951 3595 987 3641 se
1002 3576 1140 3640 alterum
1155 3576 1287 3642 fluuium
1303 3577 1412 3643 Lazar
1428 3589 1515 3640 uem

394 3684 480 3762 tum;
512 3679 672 3761 siquidem
697 3681 751 3747 vbi
776 3681 913 3747 transito
938 3681 1035 3747 fluuio
1064 3682 1214 3748 Wolkow
1239 3679 1326 3769 (tgy)
1353 3684 1514 3768 sepedicto

395 3790 495 3852 intrat
511 3787 544 3851 in
561 3789 698 3854 alterum
713 3787 845 3855 fluuium
865 3789 930 3854 iam
948 3789 1067 3855 dietum
1083 3789 1190 3856 Lazar
1204 3798 1367 3877 nouatum,
1383 3798 1417 3856 et
1433 3789 1514 3857 uadit

395 3902 508 3961 contra
524 3914 654 3961 cursum
669 3895 763 3962 huius
781 3895 883 3981 fluuij,
902 3903 934 3962 et
954 3897 1142 3982 peruenitur
1157 3895 1202 3964 ad
1216 3905 1281 3964 tres
1298 3906 1405 3964 metas
1422 3917 1515 3981 angu-

390 4002 477 4069 lares
496 4007 629 4086 terreas,
639 4023 774 4086 querum
785 4025 850 4070 vna
860 4011 993 4090 separet
1002 4007 1167 4071 Demetrio
1184 4005 1363 4092 antedicto,
1378 4005 1514 4072 secunda

392 4113 522 4194 separat
538 4107 712 4177 cruciferis
730 4109 771 4176 tle
786 4109 921 4198 Dapzu,
947 4113 1051 4178 tercia
1070 4119 1202 4197 separat
1218 4120 1304 4178 terre
1319 4113 1461 4180 Talmen
1474 4131 1515 4180 se·

392 4215 529 4304 pedicte,
540 4215 595 4283 vbi
607 4219 871 4286 commetaneitas
881 4226 1037 4286 terrarum
1048 4221 1127 4286 dicti
1146 4221 1303 4306 Demetrij
1322 4220 1514 4302 terminatur,

394 4333 427 4390 et
437 4324 550 4410 incipit
565 4333 673 4394 tenere
684 4330 998 4396 commetaneitatem
1009 4350 1081 4395 cum
1093 4330 1187 4396 terris
1199 4327 1436 4399 Omeit'erorum
1451 4347 1512 4417 pre·

392 4431 565 4518 dictorum;
578 4435 758 4520 itaqneper
771 4435 1034 4521 eandemaquum
1045 4439 1307 4507 Lazarvoeatam
1317 4439 1512 4522 uaditusqre

394 4541 470 4606 dum
488 4542 634 4625 peruenit
649 4543 691 4607 ad
709 4546 845 4610 alteram
863 4564 979 4628 aquam
1011 4545 1145 4631 Karegh
1162 4545 1291 4632 dictam,
1307 4546 1363 4612 vbi
1381 4562 1511 4613 commea
1576 4565 1577 4570 ¹

395 4647 538 4712 teneitas
555 4655 716 4716 terrarum
742 4649 978 4720 Cruciserorum
1004 4653 1221 4738 predictorum
1247 4654 1289 4721 de
1303 4651 1419 4742 Dopuc
1435 4648 1511 4742 (tgy)
