3146 5192
575 329 741 432 ηερ-ε-

84 524 254 591 fortunam
270 525 381 592 mortis
406 524 585 611 perieulum
610 527 667 594 vix
694 523 809 596 euasit.
837 525 985 593 Ceterum
1013 545 1086 594 oum
1112 531 1224 594 contra

90 633 279 700 Lorandnm
290 633 486 717 Wajuodam
499 641 532 701 et
546 635 664 702 tratres
675 654 763 722 suos,
774 633 858 701 filios
868 634 1001 714 Thone,
1017 656 1077 722 pro
1093 633 1225 719 quibus·
1300 714 1306 726 ἱ

91 741 170 806 dam
188 741 255 808 suis
272 741 461 808 excessibus
478 741 661 809 manifestis
679 741 856 808 exercitum
883 741 1100 809 mouissemns
1124 762 1223 827 gene·

85 850 203 934 roiam,
219 856 252 915 et
269 856 408 916 castrum
424 850 570 936 ipsorum
596 849 739 917 Adorian
755 855 908 918 vocatum
925 851 1106 936 expugnari
1131 849 1224 917 fecis·

1 989 2 998 τ
86 976 212 1042 semus,
229 956 264 1022 in
281 957 526 1043 expugnaeione
543 957 629 1044 ipius
645 957 745 1025 castri
760 955 915 1026 Nicolans
932 957 1078 1044 prelatus
1087 957 1225 1024 lethalia

86 1063 216 1130 ulnera
233 1064 269 1129 in
283 1083 343 1130 suo
357 1064 441 1151 pede
457 1064 630 1150 parietum
646 1063 819 1132 balistaria
837 1065 957 1149 sagitte
973 1063 1067 1132 nobis
1093 1086 1223 1132 cemen-

86 1169 178 1236 tibua
195 1173 409 1256 supportarit.
426 1170 479 1238 Ad
495 1172 554 1238 hec
570 1192 643 1237 cnm
661 1177 774 1238 contra
790 1171 875 1240 tilios
892 1171 1025 1237 Henrici
1050 1171 1132 1238 Bani
1149 1172 1221 1238 infi-

88 1263 183 1344 deles
200 1283 328 1343 nostros
345 1285 376 1343 et
399 1279 504 1361 Regni
530 1277 632 1345 nostri
658 1277 833 1345 exereitum
860 1277 1075 1362 duxissemus,
1105 1285 1136 1344 et
1167 1297 1221 1343 ca·

1 1387 2 1451 i
84 1393 192 1451 strum
208 1385 422 1472 Simegiensc,
434 1386 520 1468 qnod
531 1392 798 1454 eontranostram
809 1383 998 1453 detinebant
1007 1384 1223 1471 Maiestatem,

1 1477 2 1480 ¹
87 1491 284 1558 fecissemus
300 1491 443 1578 preliari,
462 1493 496 1558 in
513 1491 755 1576 expreliacicne
771 1493 875 1576 ipsius
892 1490 991 1556 castri
1008 1510 1087 1576 sepe
1111 1486 1219 1558 dietus

1 1612 2 1634 ³
85 1595 249 1664 Nicoluns
265 1617 338 1663 cum
355 1597 431 1679 alijs
446 1595 598 1665 fidelibus
614 1599 745 1682 nostris,
761 1596 989 1664 demonstrans
1007 1616 1066 1664 sue
1084 1596 1224 1664 fidelita-

1 1715 2 1736 ¹
85 1705 132 1770 tis
147 1706 307 1788 uirtutem,
324 1703 418 1770 nobis
434 1703 620 1770 videntibus
636 1711 669 1770 et
685 1704 866 1770 Beronibus
883 1699 1014 1770 'nostris
1039 1723 1079 1768 ac
1103 1701 1221 1768 nobili-

22 1897 26 1907 ι
89 1813 155 1878 bns
171 1809 278 1892 Regni
294 1811 463 1894 uniuersis,
481 1811 536 1895 qui
553 1817 629 1878 tuno
645 1817 812 1895 presentes
824 1809 973 1896 aderant,
988 1809 1022 1873 in
1038 1811 1106 1876 suis
1123 1830 1221 1877 mem·

92 1919 166 1986 bris
185 1937 243 2004 ρετ
259 1938 378 2001 graues
392 1919 475 1984 ictus
490 1916 641 2002 lapideos
659 1918 794 2000 lethalia
809 1917 937 1984 ulnera
952 1916 1130 1983 tollerauit
1156 1919 1222 1985 Pro
1326 1943 1330 1952 ·

87 2032 138 2092 tot
157 2031 192 2092 et
206 2027 308 2092 tantis
323 2025 496 2111 meritorijs
512 2025 663 2110 soruioijs
681 2031 713 2091 et
729 2023 896 2108 obseqnijs
913 2021 1097 2090 manifestis
1124 2026 1221 2092 Nico·

1 2207 2 2226 ρ
88 2135 137 2198 lai
153 2131 346 2217 supradicti,
364 2153 402 2198 ac
419 2133 577 2199 effusione
594 2133 644 2199 sui
661 2133 842 2218 sanguinis,
860 2131 939 2198 lioot
955 2150 995 2196 ex
1011 2131 1128 2216 Regali
1154 2151 1221 2198 rnu-

1 2231 2 2257 ³
87 2241 261 2306 nificenria
276 2241 311 2305 in
327 2239 544 2322 amplioribus
561 2245 594 2306 et
609 2238 786 2306 maioribus
811 2237 1047 2305 donacionibus
1073 2257 1226 2304 remune-

1 2402 2 2441 ρ
87 2347 214 2415 raudus
231 2347 409 2430 extitisset;
426 2354 536 2413 tamen
553 2345 587 2412 in
602 2343 780 2430 aliqualem
797 2343 1136 2431 recompensacionem
1152 2364 1219 2411 ser·

86 2457 247 2523 uiciorum
273 2476 403 2522 suorum
429 2455 672 2541 premissorum,
702 2454 883 2540 predictam
909 2460 1032 2520 terram
1059 2453 1222 2520 chrmons

1 2634 2 2637 ,
87 2569 311 2647 nuncupatam
343 2582 414 2627 eum
445 2561 592 2628 omnibus
626 2561 820 2629 utilitatibus
845 2561 913 2628 suis
941 2568 974 2627 et
1004 2561 1216 2647 pertinencijs

88 2669 240 2739 eiusdem
257 2668 425 2754 universis,
441 2668 501 2734 sub
519 2669 623 2735 eidem
640 2669 736 2734 metis
753 2675 785 2736 at
816 2669 964 2735 terminia
988 2689 1028 2735 ao
1045 2668 1216 2734 limitatio·

1 2763 2 2812 ³
86 2779 187 2846 nibus
204 2776 358 2860 antiquis,
375 2775 492 2860 quibus
509 2795 566 2861 per
582 2775 708 2860 priores
725 2795 930 2860 possessores
946 2774 1088 2840 limitata
1113 2773 1219 2842 iuerat

89 2893 123 2952 et
138 2904 304 2970 possessa,
321 2883 459 2948 Nicoiao
475 2901 553 2968 sepe
579 2883 666 2949 dicto
692 2889 724 2948 et
755 2902 813 2968 per
843 2902 916 2948 enm
947 2880 1016 2950 suis
1045 2881 1223 2949 heredibus

2 3079 3 3082 Ἴ
87 2993 313 3074 heredumque
339 3011 470 3058 suorum
502 2990 743 3058 successoribus
775 2989 932 3075 dedimus,
958 2989 1153 3056 donauimus
1185 2993 1218 3055 et

88 3101 287 3168 contulimus
303 3101 373 3164 iure
388 3105 544 3185 perpetuo
562 3107 593 3165 et
609 3097 868 3165 irreuocabiliter
883 3097 1114 3184 possidendam
1130 3097 1217 3182 pari·

2 3215 3 3242 ¹
86 3219 136 3275 ter
153 3212 188 3275 et
204 3206 394 3292 tenendam;
410 3203 574 3289 predictas
589 3211 738 3294 patentes
758 3206 886 3273 litteras
903 3227 968 3272 non
984 3207 1132 3291 abrasas,
1148 3226 1216 3272 non

3 3341 5 3412 j
88 3316 302 3398 cancellatas,
319 3333 380 3379 nee
397 3315 430 3379 in
446 3313 557 3398 aliqua
575 3313 625 3382 sui
640 3320 735 3398 parte
749 3311 889 3380 violatas
906 3313 947 3382 de
963 3313 1061 3380 verbo
1078 3315 1120 3380 ad
1146 3331 1217 3380 ver·

3 3423 5 3486 3
86 3425 164 3490 bum
183 3423 387 3509 presentibus
403 3422 502 3489 inseri
519 3423 685 3490 facientes.
702 3423 739 3488 In
755 3423 846 3490 cuius
863 3423 911 3490 rei
926 3421 1115 3490 memoriam
1140 3419 1219 3505 dup-

3 3599 5 3612 7
87 3530 187 3615 plicis
203 3529 304 3611 sigilli
319 3529 423 3594 nostri
439 3527 615 3596 munimine
632 3529 801 3596 roboratas
815 3535 984 3613 presentes
1000 3527 1220 3596 concessimus

3 3635 5 3640 ’
87 3639 225 3703 litteras.
243 3635 365 3702 Datum
382 3655 440 3722 ρετ
456 3656 572 3704 manus
588 3634 718 3704 discreti
734 3637 795 3703 riri
812 3637 970 3724 Stephani
986 3635 1220 3703 Archidiaooni

4 3731 6 3818 ᾖ
86 3745 239 3811 Ecclesia
254 3742 407 3810 Albensia
432 3743 667 3810 Transsilnune
692 3745 767 3810 aule
792 3749 903 3812 nostre
928 3742 1218 3825 Vico-Cancellarij

87 3851 203 3919 dilecti
221 3855 253 3916 et
267 3850 373 3918 fidelis
388 3851 489 3919 nostri
505 3872 590 3918 anno
600 3851 732 3918 Domini
746 3853 796 3917 Μο
806 3851 1038 3938 trecentesimo,
1048 3849 1154 3934 Regni
1164 3868 1220 3915 nc-

4 3965 6 3972 ’
86 3963 147 4028 stri
164 3979 254 4026 anno
272 3957 406 4026 decimo.

5 4211 6 4214 ,
123 4157 175 4224 (Aa
190 4151 887 4222 Okolicstnyicaalddlevdltuirtbdblrttaoltouthai
901 4153 1040 4221 Saontagh
1053 4151 1172 4219 Daniel.)
1278 4161 1285 4176 ·

548 4451 762 4466 —-*—-

131 4739 237 4776 nonna.
254 4738 337 4777 uuas.
354 4737 424 4775 arar.
439 4749 484 4759 —
498 4738 609 4776 amnon.
626 4733 662 4776 ta.
