3146 5192
878 291 1035 390 ap-

392 488 515 554 miacro
531 485 610 552 cori
624 495 653 552 ct
667 488 805 573 arpenti,
825 487 877 554 sat
891 489 1038 554 cuiusuis
1062 490 1186 574 pencris
1215 491 1455 574 massonum,
1489 496 1544 554 urst

391 595 577 683 salifodiaa
593 617 646 658 aaa
659 605 772 682 pateus
786 594 865 662 solia
879 605 1002 679 reperta
1020 605 1096 662 rant
1108 598 1162 663 acl
1177 600 1315 686 repedat
1326 598 1494 685 poterint
1509 599 1546 663 ia

386 703 537 792 saturam
549 700 584 766 in
592 699 801 787 possessione
810 707 1002 790 memorata,
1011 702 1165 772 videlicet
1174 703 1208 770 in
1223 704 1388 790 porcione
1416 703 1539 770 utrius·
1561 773 1563 778 ,

392 831 465 898 que,
482 815 660 897 prouentus
675 809 857 878 huiusmodi
875 816 984 897 partes
999 812 1212 879 communiter
1221 811 1422 900 percipient
1435 817 1472 879 et
1488 809 1541 878 ba·

392 921 523 1005 bebuut,
539 921 672 986 caltores
687 915 802 1004 scabra
825 943 877 986 sco
904 921 1053 1006 oparcrij
1082 922 1281 987 metallorum
1312 922 1501 987 eoa-acam
1515 919 1563 1008 et}

391 1029 563 1117 salifodinc
578 1049 630 1093 acc
643 1039 740 1113 porey
754 1029 833 1094 aelia
843 1027 889 1092 ad
905 1025 997 1093 illam
1007 1033 1133 1112 partem
1145 1027 1372 1114 pertinebunt,
1392 1027 1433 1094 in
1449 1027 1539 1095 cuius

391 1136 546 1224 porcione
561 1139 693 1221 reperta
709 1133 829 1201 luerint
851 1135 992 1220 metalla,
1013 1137 1102 1203 sales
1119 1143 1152 1204 ct
1166 1143 1284 1222 puteus
1300 1134 1395 1205 salia
1415 1153 1539 1202 memo·
1561 1195 1563 1242 ,

392 1252 484 1330 rata;
502 1249 534 1310 et
549 1242 722 1329 pecuniam
740 1241 783 1307 ad
799 1261 881 1327 opus
897 1241 1094 1309 incoandum
1118 1242 1202 1328 ipsis
1226 1243 1400 1329 operarijs
1427 1249 1535 1330 partes
1561 1247 1563 1322 ἶ

393 1352 473 1419 darc
488 1349 699 1418 communiter
713 1350 918 1416 tenebuntur.
945 1349 1028 1416 Item
1045 1350 1269 1437 possessiones
1285 1349 1533 1436 Chabameacy,
1561 1395 1563 1428 u

392 1459 643 1544 Zurdukybeue‚
659 1457 855 1538 Werustou,
882 1458 1081 1543 Kompoulth
1091 1511 1100 1545 ,
1127 1457 1272 1526 Fenchol
1289 1466 1322 1526 et
1339 1459 1447 1545 Pata,
1465 1479 1535 1525 cum
1562 1455 1563 1544 J

392 1565 541 1635 omnibus
566 1565 761 1632 rtilitatibus
792 1570 824 1631 et
848 1567 1059 1651 pcrtincncijs
1085 1567 1153 1634 suis
1176 1568 1341 1634 uniuersis
1359 1573 1532 1635 cesserunt
1559 1559 1563 1684 1

392 1676 426 1741 in
441 1673 492 1740 ius
508 1679 541 1740 et
555 1674 788 1758 proprietatem
812 1672 949 1740 filiorum
973 1673 1155 1741 Alexandri
1172 1681 1204 1742 ct
1221 1695 1330 1742 eorum
1350 1675 1531 1743 heredibus
1561 1687 1563 1712 ¹

393 1781 482 1872 (tgy)
499 1789 654 1870 perpetuo
673 1779 891 1868 possidende;
915 1784 994 1850 item
1009 1784 1271 1870 possessionibus
1297 1783 1528 1870 Zeekwduor,
1558 1817 1560 1828 .

392 1892 552 1977 Wasyan,
568 1887 782 1976 Arkycbalan
799 1897 831 1957 et
846 1891 932 1979 alijs,
944 1910 1026 1975 quas
1041 1891 1166 1960 habent
1189 1895 1274 1962 inter
1288 1893 1413 1961 fluuios
1432 1895 1530 1978 Feyr-

393 1999 495 2086 kyrus
513 2005 546 2066 et
561 1997 670 2065 Morus
687 2017 759 2065 cum
775 1998 923 2067 omuibus
939 1999 1135 2068 utilitatibus
1160 2008 1194 2068 et
1216 2001 1437 2088 pertinencijs
1462 1999 1526 2067 suis

392 2105 582 2174 cedentibus
598 2105 676 2192 filijs
692 2106 828 2174 Comitis
854 2107 961 2193 Petri,
986 2113 1019 2175 et
1043 2109 1217 2176 heredibus
1244 2111 1427 2178 eorundem
1444 2107 1526 2176 simi·
1561 2097 1563 2142 ἦ

393 2213 470 2279 liter
485 2219 643 2299 perpetuo
668 2211 883 2298 possidendis.
911 2213 962 2279 Ita
988 2216 1075 2298 quod
1091 2216 1134 2283 ad
1149 2217 1437 2304 recuperacionem
1454 2233 1522 2302 pos·
1558 2241 1560 2250 ⁴

392 2319 571 2388 sessionum
603 2319 836 2409 alienaturum,
868 2341 931 2405 que
962 2322 995 2388 in
1021 2319 1185 2391 diuisione
1211 2325 1359 2409 utrisque
1375 2321 1522 2410 partibus
1551 2372 1560 2437 .,

393 2429 529 2496 cessisse
545 2427 796 2514 dignoscuntur;
815 2435 926 2516 partes
942 2429 1128 2497 adinuicem
1144 2453 1181 2500 se
1196 2432 1311 2499 iuuare
1327 2431 1520 2498 tenebuntur

393 2535 534 2622 proprijs
546 2533 718 2625 laboribus
734 2543 767 2604 et
782 2538 947 2623 expensis.
973 2539 1011 2604 In
1027 2537 1119 2606 cuius
1135 2538 1182 2604 rei
1197 2537 1387 2606 memoriam
1406 2543 1440 2605 ct
1455 2555 1517 2622 per·

392 2650 523 2730 petuam
538 2642 722 2712 firmitatem
738 2650 910 2731 presentes
935 2643 1057 2713 eisdem
1073 2646 1220 2732 partibus
1237 2647 1457 2714 concessimus
1473 2644 1516 2709 lit·

394 2756 482 2818 teras
506 2749 669 2835 dupplicis
694 2752 799 2836 sigilli
823 2753 926 2820 nostri
959 2753 1137 2822 munimine
1161 2755 1343 2824 roboratas.
1379 2750 1515 2844 Ettquia
1558 2771 1560 2801 i

392 2859 535 2944 sigillum
550 2865 695 2926 nostrum
715 2859 804 2927 idem
831 2859 989 2945 Magister
1010 2859 1188 2928 Ladizlaus
1213 2861 1405 2947 Prepositus
1421 2859 1513 2944 [tytu-

392 2969 509 3036 licnsis
526 2973 616 3034 tenet
632 2969 703 3036 siue
718 2973 849 3054 portat:
866 2967 910 3034 ad
921 2972 1077 3036 maiorem
1088 2969 1183 3036 huius
1199 2969 1279 3036 facti
1295 2967 1511 3037 certitudinem

396 3081 429 3142 ct
443 3073 623 3143 uberiorem
639 3075 824 3164 cautelam,
855 3096 895 3142 ae
920 3076 1138 3162 suspicionem
1156 3076 1354 3165 euitandam,
1369 3069 1512 3162 presenti·
1560 3069 1563 3188 i

395 3183 456 3250 bus
471 3181 574 3251 eciam
591 3182 705 3270 sigilla
720 3183 921 3252 venerabilis
938 3184 1041 3270 patris
1062 3183 1185 3251 domini
1200 3183 1362 3252 iohannis
1377 3183 1436 3249 Dei
1446 3197 1510 3264 git·
1561 3189 1563 3256 i

394 3292 447 3356 cia
461 3289 710 3380 Archiepisccpi
726 3290 917 3360 Oolcccnsis
934 3291 1009 3358 aule
1024 3297 1134 3359 nostre
1146 3291 1356 3379 Cancellurij,
1372 3310 1411 3357 ac
1426 3285 1508 3354 Omc·
1561 3295 1563 3342 l

392 3396 446 3464 dei
461 3397 615 3486 Palatini,
633 3397 828 3467 dilectorum
844 3405 877 3466 et
893 3397 1038 3466 fidelium
1054 3405 1240 3467 nostrorum
1250 3398 1371 3484 apponi
1387 3393 1508 3462 fecimus
1561 3427 1563 3470 2

392 3511 425 3572 ct
440 3503 594 3590 appendi.
611 3506 733 3572 Datum
747 3527 807 3592 per
823 3527 939 3574 manus
956 3505 1102 3574 ciusdem
1118 3504 1269 3590 Magistri
1285 3503 1430 3572 Ladialui
1444 3498 1506 3564 Pte·

392 3611 492 3700 positi
507 3633 594 3680 anno
609 3614 742 3680 Domini
757 3613 868 3682 ΜὋΟο
884 3614 1096 3698 nonagesimo
1121 3632 1218 3700 nouo,
1234 3613 1348 3697 quinto
1363 3603 1505 3680 kalendas

392 3720 542 3810 Augusti,
558 3721 664 3808 Regni
680 3727 788 3790 autem
804 3723 908 3792 nostri
925 3743 1011 3791 anno
1028 3743 1124 3790 ncnc.

392 3915 431 3990 (A
449 3919 534 3972 budai
547 3917 738 3988 ktpcslannak
760 3936 852 3988 ugyan
867 3921 979 3972 isac-ks
1001 3915 1164 3985 &badbbh
1189 3935 1207 3972 a
1220 3919 1303 3974 budai
1324 3917 1377 3974 ldr.
1396 3909 1501 3970 kanuti

859 4008 1052 4079 levtlttrban.)
