3124 5194
6 325 9 410 l
102 411 104 414 .
543 329 702 428 aaa..

6 427 15 518 ·,
941 477 946 486 ,

6 521 9 630 l
63 525 267 608 obligarunt:
284 529 451 590 tamenne
468 521 527 588 lieo
543 523 661 590 diuislo
678 525 743 590 iarn
760 543 846 588 nuno
860 529 893 589 et
909 526 949 590 ab
975 523 1050 589 olim
1075 523 1205 594 habita.

6 631 9 668 ³
59 636 125 700 siue
141 631 241 715 saeta,
259 631 344 696 sieut
360 629 565 716 premittitur,
582 631 667 697 inter
683 637 793 717 partes
820 631 997 697 seeundum
1023 633 1187 699 contineu-

6 813 9 828 ,
58 738 253 806 eiam'huius
270 739 430 825 presentis
447 739 613 823 priuilegij
629 739 732 805 nostri
748 746 780 804 ot
796 738 909 806 horum
927 738 1065 805 duorum
1089 739 1187 827 priui-

60 847 222 932 legiorum
248 855 437 913 nostrorum.
453 848 597 932 priorum
623 847 686 912 hoo
710 845 829 913 iudioio
854 853 981 913 eentum
1005 867 1187 914 marcarum

6 961 11 1042 l
58 955 240 1039 mediante,
267 975 310 1020 ne
337 952 419 1022 sorte
444 954 627 1039 aliqualiter
652 955 822 1021 retraetari
850 955 901 1020 uel
927 955 1059 1023 dissolui
1084 959 1189 1042 possit

6 1047 10 1122 ἶ
58 1064 210 1149 temporis
225 1062 260 1129 in
275 1083 450 1149 processu,
468 1083 509 1128 ex
525 1082 563 1129 eo
578 1070 718 1146 utraque
733 1083 810 1148 pars
842 1062 883 1128 de
909 1083 1000 1130 mera
1017 1065 1186 1130 uoluntate

58 1190 114 1236 sua
128 1171 193 1238 hoo
209 1171 368 1237 indicium
399 1171 471 1237 siue
496 1189 616 1254 penam
642 1170 844 1253 singularum
860 1177 988 1237 centurn
1005 1191 1186 1238 marearum

6 1275 9 1350 l
60 1280 97 1343 ab
111 1285 251 1362 utroque
266 1277 439 1362 priuilegio
465 1286 576 1343 nostro
601 1278 779 1344 eximentes
796 1284 993 1364 exoeperunt
1020 1279 1187 1346 exthraen·

60 1391 106 1452 trs
123 1383 212 1472 (lgyl
229 1385 413 1470 abolendo,
446 1384 619 1451 uoluerunt
650 1394 683 1453 et
706 1387 961 1471 pronuntiarunt
980 1407 1042 1454 non
1061 1389 1185 1471 teneri;

62 1491 120 1559 isto
136 1493 243 1575 modo,
259 1491 382 1558 seilicet
398 1491 426 1556 si
442 1511 506 1574 qua
522 1491 667 1576 parcium
684 1492 738 1559 nel
748 1491 924 1576 singularis
941 1513 1017 1578 pars
1034 1494 1074 1560 de
1090 1495 1189 1578 parti-

6 1589 10 1700 }
62 1599 117 1666 bus
143 1607 323 1667 retractare
347 1599 464 1667 nolens
489 1599 575 1665 bono
606 1599 798 1667 diuisionem
824 1599 858 1664 in
874 1607 942 1666 toto
965 1603 1016 1666 rel
1033 1603 1067 1667 in
1083 1608 1186 1688 parte,

6 1711 10 1808 l
57 1711 177 1802 absque
198 1707 336 1792 strepitu
363 1705 482 1791 Judioij
508 1706 646 1775 alieuius
673 1707 922 1792 calumpniatrix
947 1708 1122 1793 habeatur,
1139 1711 1187 1776 ni·

6 1811 18 1958 Ι,
61 1814 251 1882 obilominus
266 1815 328 1881 beo
342 1817 452 1883 totalis
468 1815 585 1882 diuisio
602 1817 635 1880 in
652 1816 713 1902 hys
734 1816 836 1883 tribus
852 1815 985 1901 paribus
1001 1817 1186 1902 priuilegio·

6 1969 9 1982 ,
60 1941 124 1989 rum
140 1931 345 2009 nostrorum,
361 1931 394 1989 et
410 1923 444 1989 in
461 1924 646 2008 patentibus
677 1925 793 1992 litteris
818 1923 946 1990 domine
961 1925 1097 1993 Duoisse
1114 1945 1186 1992 eon-

6 1987 13 2104 ι
60 2039 142 2096 tenta
158 2033 284 2098 seriose
300 2041 332 2097 et
350 2051 526 2118 expressa,
554 2032 586 2097 in
603 2053 662 2099 suo
681 2034 795 2100 robore
810 2031 1042 2100 inuiolabiliter
1058 2042 1091 2099 et
1106 2033 1181 2102 irre·

6 2107 8 2184 l
61 2139 261 2224 fragabiliter
277 2147 469 2226 permaneat
484 2141 518 2206 iu
543 2145 733 2226 perpetuum
755 2142 923 2208 duratura.
949 2142 1018 2207 Hoo
1035 2163 1100 2208 non
1116 2163 1186 2228 pre·
1204 2191 1206 2197 ι

63 2249 217 2333 termisso,
235 2248 321 2333 quod
337 2250 414 2332 quia
432 2246 559 2332 prefata
574 2249 738 2334 possessio
756 2247 893 2335 Orrywa
908 2257 1026 2316 vocata
1042 2269 1114 2315 oum
1134 2269 1185 2315 oa·

62 2364 122 2422 stro
136 2377 195 2424 suo
213 2376 302 2421 nuno
327 2363 377 2422 est
401 2365 494 2420 extra
521 2375 636 2421 manus
661 2357 809 2438 parcium
829 2363 1056 2439 utrarumque:
1072 2377 1132 2442 pro
1149 2377 1207 2423 eo

64 2473 165 2547 partes
183 2464 271 2530 bano
286 2465 526 2548 possessionem
543 2483 614 2529 enm
637 2471 744 2530 castro
761 2483 819 2530 suo
836 2483 1027 2550 recuperare
1044 2473 1075 2530 et
1091 2465 1183 2531 reha-

65 2571 140 2658 bere,
156 2571 243 2638 siout
260 2569 451 2656 expedierit,
469 2569 572 2636 eciam
588 2570 762 2650 redimere,
780 2571 883 2636 modis
898 2572 1046 2637 omnibus
1064 2573 1186 2656 absque

6 2697 11 2786 p
64 2679 297 2745 intermissione
312 2676 354 2742 ad
371 2677 641 2760 hoelaborantes‚
657 2677 797 2744 debeant
813 2685 844 2744 et
858 2684 1031 2745 teneantur
1047 2699 1185 2746 eommu-

6 2795 8 2806 '
65 2785 151 2853 nibus
165 2787 237 2853 suis
252 2785 420 2854 laboribus
448 2792 479 2850 et
496 2787 659 2868 expensis.
678 2785 797 2852 Cursus
813 2794 923 2852 autem
940 2795 1097 2852 metarum
1129 2809 1187 2872 per

64 2895 184 2960 modum
196 2893 605 2978 diuisionisseparanoium
620 2894 838 2961 vniuemalem
849 2895 1085 2980 possessionem
1102 2901 1187 2959 ntra-

15 2998 19 3007 '
66 3021 189 3086 rumque
207 3001 355 3086 parcium
372 2999 458 3066 ultra
474 3001 620 3066 Drauam
649 3002 849 3088 existentem,
867 3000 948 3068 siout
964 3003 997 3066 in
1013 3002 1187 3086 priuilegio

6 3133 8 3198 ς
65 3117 164 3176 nostro
182 3109 284 3193 priori
301 3109 417 3174 exinde
434 3108 581 3176 oonfeoto
606 3108 747 3174 uidimus
763 3108 930 3193 contineri,
956 3110 1030 3176 talis
1056 3119 1121 3176 est:
1136 3111 1187 3175 In-

6 3219 9 3316 l
66 3218 209 3301 eipiendo
226 3216 351 3284 scilieet
378 3216 411 3282 in
437 3215 542 3282 medio
568 3217 701 3282 duorum
730 3222 916 3301 stagnorum
934 3216 1043 3282 Ordan
1059 3227 1185 3284 uooato-

6 3317 8 3428 J
66 3344 126 3388 rum
142 3325 176 3390 in
193 3345 260 3390 una
287 3331 372 3389 meta
389 3332 513 3408 terrea,
539 3323 573 3388 in
599 3344 664 3407 qua
691 3332 740 3390 est
765 3326 861 3389 arbor
877 3323 971 3410 yliois
988 3324 1186 3392 decorticata

6 3449 9 3508 l
66 3431 95 3494 in
109 3431 216 3516 aliqua
233 3432 285 3497 sui
310 3435 403 3515 parte
430 3451 488 3517 pro
506 3431 612 3519 signo,
644 3430 748 3498 tendit
773 3431 893 3498 directe
912 3452 1041 3515 semper
1057 3433 1100 3496 ad
1115 3454 1187 3516 par·

66 3541 124 3602 lem
139 3540 351 3622 orientalem,
378 3539 482 3622 primo
515 3538 557 3603 ad
589 3559 686 3604 unam
712 3540 857 3604 arborem
890 3539 978 3623 pirus
1012 3539 1188 3607 decortica-

56 3648 123 3710 tam
139 3648 170 3712 iu
188 3645 301 3728 aliqua
331 3651 423 3729 parte
449 3665 508 3730 pro
534 3645 647 3730 signo;
675 3645 791 3713 deinde
823 3645 914 3712 vadit
947 3647 989 3712 ad
1021 3646 1104 3713 alias
1122 3655 1187 3714 tres

6 3751 14 3898 p
67 3753 188 3819 arbores
204 3751 364 3838 frausiny,
381 3753 480 3838 wlmy
505 3760 536 3818 et
560 3752 654 3838 ylieis
680 3759 805 3818 stantes
832 3751 1033 3834 coniunctim,
1052 3773 1185 3835 quarum

6 3899 9 3950 ,
67 3863 141 3924 rami
154 3859 240 3925 inter
256 3879 291 3924 se
307 3860 430 3924 mixtim
448 3867 634 3942 creuerunt,
667 3859 723 3925 ubi
741 3867 789 3926 est
805 3879 871 3925 tina
886 3865 974 3925 meta
995 3869 1111 3946 terrea,
1129 3861 1186 3928 ibi·

6 3961 9 4054 ἰ
68 3983 123 4044 que
136 3966 236 4032 intrat
259 3966 293 4031 in
318 3965 480 4050 quandam
512 3986 663 4048 magnam
679 3967 796 4033 siluam
829 3967 1000 4052 Bodaygos
1018 3975 1187 4044 uoeatam3

6 4055 8 4078 '
68 4074 263 4156 procedendo
280 4093 338 4159 por
353 4074 493 4140 medium
521 4073 616 4141 huius
633 4075 716 4141 silue
744 4074 870 4140 venitur
896 4075 940 4140 ad
956 4075 1038 4140 duas
1055 4073 1187 4140 arbores
1310 4069 1314 4079 “

6 4229 8 4290 ,
69 4185 223 4264 parthyaea
241 4186 273 4246 et
289 4183 358 4246 thul
388 4181 509 4248 alieubi
525 4181 740 4249 decorticatas
770 4199 829 4268 pro
845 4179 959 4266 sign03
991 4177 1109 4246 abinde
1125 4181 1187 4246 itur

6 4331 8 4374 ἰ
69 4285 106 4350 ad
120 4289 280 4372 quoddam
296 4297 449 4374 stagnum
464 4289 631 4356 Yezeroba
648 4294 818 4366 uooatun13
844 4310 907 4374 quo
923 4287 1051 4374 quidem
1069 4297 1187 4372 stagno

6 4377 10 4498 'p
68 4397 197 4462 transito
213 4417 272 4483 per
288 4395 433 4464 modium
458 4398 585 4464 venitur
601 4398 686 4464 inter
702 4397 784 4463 duas
800 4397 871 4464 vias
887 4397 929 4462 ab
946 4395 1041 4461 binas
1056 4395 1189 4462 arbores

6 4511 10 4618 j
71 4499 192 4591 ylioum,
208 4504 269 4570 sub
287 4503 405 4588 quib'ns
423 4512 473 4572 est
498 4511 712 4589 metaterrea,
729 4503 783 4569 vbi
800 4503 904 4568 exitur
919 4501 1089 4568 abeodem
1105 4502 1189 4570 silua
1207 4563 1212 4572 .

6 4627 10 4780 p
71 4604 230 4697 Bodygus,
243 4620 276 4677 et
291 4612 382 4680 iuxta
397 4631 515 4697 aquarn
526 4612 812 4698 Woynaroealam
824 4611 887 4675 itur
902 4609 945 4673 ad
961 4608 1091 4676 arbores
1102 4609 1188 4695 pomi
1197 4654 1209 4680 a

6 4887 10 4990 l

6 4787 11 4872 l

6 4991 12 5062 l

6 5087 24 5188 l
