3124 5194
876 325 1039 432 Q

394 529 512 594 menta
525 525 651 611 Regum
660 511 875 611 prediolorum
893 539 933 588 ao
949 501 1148 606 Reginorum
1164 518 1350 588 inolitarum
1365 517 1512 604 igneeou·

394 641 534 720 sumpta,
545 639 578 700 et
588 628 717 700 eosdem
734 628 923 712 Magistrum
941 627 1131 715 Georgium,
1144 627 1275 694 Petrum
1285 634 1319 694 et
1328 626 1511 712 Stephanum

393 739 510 806 fratres
527 757 617 824 suos,
635 735 822 803 inuenimus
838 735 872 800 in
889 732 1027 820 pacifica
1040 733 1252 820 possessione
1278 733 1430 800 villarum
1452 756 1512 820 pre

391 846 561 914 dictorum:
572 842 703 912 easdem
716 841 812 908 villas
824 839 1029 928 Felnempty,
1041 842 1301 928 Kozepuempty
1313 847 1347 907 et
1362 839 1512 928 Olnempti

392 961 537 1041 uocatas,
548 955 786 1020 oommetaueas
801 947 1010 1034 villis,Suzta,
1024 947 1160 1036 Gwnoh,
1173 947 1288 1014 Runlra
1297 947 1385 1014 ultra
1395 947 1512 1014 fluuium

396 1059 543 1148 Harnad,
556 1065 588 1126 st
599 1056 753 1144 Weyohe,
769 1055 1017 1142 Petry,Perweu
1032 1055 1173 1140 anyna
1183 1053 1514 1123 oiroumadiaoentibus

393 1166 492 1236 simul
508 1185 583 1232 euru
599 1161 716 1231 lenotis
732 1163 816 1228 inter
831 1167 938 1228 terras
955 1159 1017 1228 Ida
1031 1170 1064 1228 et
1078 1159 1214 1230 Pernen
1233 1159 1457 1246 existentibus,
1465 1181 1514 1227 nee

394 1295 460 1342 non
476 1271 624 1340 omnibns
640 1267 849 1353 utilitatibus,
866 1267 1092 1356 pertineneijs,
1103 1267 1377 1353 oiroumstaneijs,
1394 1267 1515 1334 attinen-

399 1381 460 1466 oijs
476 1387 509 1447 et
533 1372 738 1464 appendiciis
763 1375 935 1459 uniuersis,
961 1375 1065 1461 syluis
1091 1375 1258 1466 videlieet,
1284 1377 1466 1443 nemoribus
1488 1381 1516 1444 et

395 1485 599 1564 molendinis,
614 1482 855 1572 pisoaoionibus
871 1482 904 1548 in
921 1483 1020 1550 fluuio
1037 1483 1186 1574 Hernad,
1214 1483 1333 1552 tenetis
1349 1504 1391 1550 ao
1415 1483 1515 1568 pratis,

404 1601 500 1684 prout
517 1611 576 1680 per
592 1589 720 1659 cosdem
737 1589 873 1676 pacifice
889 1609 1038 1675 possesse
1053 1591 1185 1658 suerunt
1209 1610 1313 1674 usque
1339 1592 1444 1676 modo,
1467 1589 1519 1656 eis

400 1697 473 1768 dem
490 1698 648 1783 Magistro
665 1697 832 1784 Gregorio,
848 1697 944 1765 Petro
961 1703 994 1766 et
1008 1697 1177 1786 Stephano
1203 1697 1359 1767 fratribus
1385 1697 1461 1784 suis,
1475 1715 1519 1762 eo·

400 1827 534 1895 rumque
544 1801 716 1874 heredibus
733 1801 954 1888 heredumque
969 1806 1214 1874 suecessoribus
1231 1805 1435 1893 reliquimus,
1457 1825 1520 1871 oon·

396 1916 530 1984 tulimus
546 1926 577 1981 et
592 1909 786 1980 tradidimus
796 1911 874 1996 jure
890 1921 1047 1998 perpetuo
1058 1912 1280 1999 possidendas
1294 1919 1328 1979 et
1341 1910 1518 1995 habendas3

398 2044 474 2114 ymo
505 2020 701 2090 eollaoioues
727 2017 947 2104 predictorum
973 2021 1096 2106 Regum
1123 2021 1266 2106 Vngarie
1291 2019 1470 2088 illustrium
1492 2026 1521 2085 et

403 2131 602 2218 Reginorum
633 2125 831 2212 inolitarum,
863 2127 1007 2193 maxime
1035 2127 1203 2196 karissimi
1234 2129 1394 2194 consortis
1419 2129 1520 2214 nostri,

403 2237 601 2306 auctoritate
630 2235 837 2324 presencium
867 2237 1098 2323 confirmanus,
1124 2237 1268 2325 dupliois
1292 2237 1397 2323 sigilli
1429 2237 1520 2304 nostri

402 2343 578 2414 munimine
594 2343 778 2412 roborando
795 2351 827 2412 et
841 2345 1069 2430 approbando.
1087 2346 1209 2412 Datum
1218 2366 1278 2432 per
1287 2365 1404 2414 manus
1415 2344 1521 2414 disere·

402 2454 428 2522 ti
445 2451 506 2520 viri
521 2451 673 2538 Magistri
688 2451 867 2520 Andronici
891 2453 1054 2540 Propositi
1080 2453 1354 2540 wesprimiensis
1380 2455 1454 2521 aule
1475 2473 1519 2519 no

406 2567 472 2632 stre
486 2557 780 2644 vice-cancellarij
799 2558 905 2628 fidelis
921 2560 1027 2628 nostri
1044 2581 1131 2628 anuo
1151 2561 1283 2628 Domini
1299 2559 1416 2633 ulmo,
1437 2577 1523 2628 nona·

403 2667 527 2754 gesimo
544 2668 667 2754 quinto,
685 2666 842 2736 kalendis
857 2667 947 2754 Maij.
1427 2669 1431 2676 '

402 2863 453 2929 (Aa
467 2867 525 2932 egri
539 2861 725 2934 klptalannalr
741 2867 819 2918 1346.
834 2867 879 2936 „in
895 2865 964 2918 lssto
977 2867 1127 2918 Beatorum
1153 2867 1251 2919 cosme
1264 2872 1293 2920 st
1315 2867 1444 2922 Damisni
1464 2879 1522 2917 mar-

405 2955 503 3007 tirum‘
523 2955 637 3019 ,nobilis
660 2957 769 3008 domiuo
790 2955 964 3020 Margaroths
986 2955 1081 3007 relicto
1104 2955 1230 3024 Philippi
1249 2951 1390 3008 I’alstiui‘l
1412 2951 1523 3008 hesdra
1550 2975 1555 2980 ·

413 3044 519 3096 kiadott
532 3039 693 3109 durfosson
707 3045 780 3109 moly
792 3056 919 3111 ugysnsn
946 3047 1006 3111 egri
1030 3040 1165 3111 klptslsn
1190 3042 1258 3098 iltsl
1280 3045 1428 3112 Zsigmoud
1447 3037 1524 3108 kirtly

402 3133 458 3187 nali
472 3135 648 3203 ,Magnificus
662 3136 704 3184 vir
717 3134 850 3200 Magister
858 3135 955 3186 Petrus
966 3131 1041 3185 lilius
1064 3135 1197 3200 symonis
1209 3136 1313 3199 Barrus,
1326 3139 1418 3188 nostor
1428 3133 1521 3187 trude-

404 3225 506 3274 uiensis
518 3238 552 3274 ae
574 3223 667 3274 Comes
680 3221 834 3274 Siculorum
856 3223 1023 3275 nostrorum*
1044 3221 1196 3278 lrdrlsdnsk
1218 3221 1335 3290 lolytfin,
1351 3226 1429 3277 1401.
1443 3221 1522 3288 ,Buds

405 3313 474 3364 seria
488 3317 566 3363 sexta
588 3314 710 3378 proxima
719 3318 779 3379 post
805 3309 906 3364 festum
919 3313 1007 3364 Panes
1026 3307 1153 3364 Domini“
1180 3313 1239 3366 lrelt
1259 3312 1432 3381 pmanesdra,
1456 3313 1521 3364 1401.

407 3401 451 3469 ,in
468 3399 576 3456 uetanis
591 3399 655 3454 sesti
668 3397 769 3455 Pasee“
783 3399 863 3466 ujbdl
876 3398 1018 3465 duratum
1032 3415 1049 3453 a
1060 3400 1136 3455 mdlt.
1149 3400 1215 3456 ntro
1226 3400 1344 3474 Perdnyi
1354 3400 1444 3457 esalld
1452 3417 1523 3470 nagr-

812 3489 925 3544 srd’llllsi
939 3486 1136 3542 lerlltlrlban.

864 3774 1071 3798 m
