3146 5192
906 337 973 403 348

851 423 1011 434 ————·

362 531 434 599 siue
449 529 689 597 continenciam
703 528 887 598 litterarum
913 527 1091 597 earundem
1116 529 1236 598 nostris
1260 532 1369 598 litteris
1382 532 1487 598 inseri
1560 523 1562 570 ³

362 638 500 706 fecimus
515 641 548 704 et
575 643 686 704 nostro
711 636 822 722 sigillo
838 636 1040 702 communiri.
1063 635 1187 703 Datum
1212 637 1246 702 iu
1263 640 1377 706 octauis
1390 640 1487 705 Beati
1560 711 1561 718 χ

365 745 538 813 Michaelis
551 745 754 828 Archangeli
770 735 1006 810 aunollomiui
1022 743 1318 810 M⁰OO·LXXXX·
1331 765 1420 812 nono.
1530 733 1539 748 ’

521 941 659 1004 (Ercdetio
672 937 848 1005 blirhhrtyin,
867 955 885 990 a
897 943 980 992 budai
993 943 1021 991 k.
1034 941 1160 991 hamarai
1172 939 1360 1005 loreltlrham)

820 1199 1032 1212 *—

893 1643 971 1714 228.

364 1821 393 1888 Α
410 1823 512 1888 bcdoi
526 1823 689 1908 lctiptalao
704 1823 804 1908 citirja
827 1823 863 1888 V.
880 1822 993 1888 Istodu
1008 1823 1183 1908 kirdlyoolc
1199 1823 1295 1889 Jenht
1310 1827 1341 1889 ίε
1358 1821 1491 1889 Zechm
1560 1877 1562 1922 ὲ

364 1932 523 2016 torppazo
547 1928 681 1996 1299-Ιεὶ
707 1929 977 2012 adomdoyleoeltt
1001 1953 1022 1994 a
1047 1931 1234 2016 opellazipcti
1260 1931 1482 2016 opticzoadrdo
1560 1923 1562 1970 ³

783 2039 942 2100 emmetra.
960 2036 1058 2100 1299.
1560 2069 1561 2078 κ

473 2225 572 2312 (N)os
587 2225 773 2311 Capitulum
790 2227 935 2296 Ecclesie
951 2225 1112 2295 Budensis
1127 2229 1350 2312 significamus
1365 2229 1480 2296 uniuer-
1560 2267 1562 2312 p

362 2333 407 2400 sis
422 2335 628 2418 presencium
651 2353 710 2418 per
735 2341 898 2421 tenorem,
929 2334 1016 2417 qnod
1040 2333 1141 2403 frater
1167 2335 1311 2401 hliehael
1336 2343 1368 2403 et
1390 2336 1484 2402 freter
1560 2325 1562 2358 ³

361 2439 517 2508 Nicolaus
533 2441 669 2509 Ordinis
696 2445 847 2510 Fretum
875 2441 1120 2509 Predicatorum
1150 2443 1190 2508 de
1215 2443 1330 2509 Insula
1346 2443 1488 2528 Virginis
1560 2445 1562 2524 ἶ

363 2545 510 2615 Glorioso
528 2549 571 2616 ud
580 2555 726 2616 nostram
737 2548 932 2615 accedentes
942 2550 1146 2634 presenciam
1161 2548 1382 2618 exhibuerunt
1395 2549 1480 2616 nohis

362 2653 488 2722 litteras
503 2654 727 2740 priuilegiales
753 2653 876 2722 domini
901 2655 1060 2742 Stephani
1085 2657 1185 2740 Regis
1200 2654 1478 2740 Hnugariefeliois

362 2759 621 2845 recordacionis,
647 2781 710 2828 non
725 2755 944 2846 cancellatas,
975 2783 1042 2830 non
1058 2765 1197 2830 abrasas
1206 2812 1216 2846 ,
1248 2761 1362 2827 necin
1378 2763 1482 2845 utque

362 2871 455 2952 parte
470 2871 521 2934 sni
538 2867 685 2955 uiciatas,
716 2875 863 2954 petentes
879 2888 901 2933 a
916 2868 1012 2936 uobis
1038 2888 1112 2934 cum
1137 2865 1300 2934 instancia
1330 2889 1371 2934 ex
1395 2875 1478 2954 parte

363 2991 508 3039 sororum
525 2974 565 3040 de
582 2972 694 3041 eadem
710 2974 825 3059 insula,
838 2981 873 3041 ut
884 2979 1028 3042 tenorem
1040 2973 1217 3040 earundem
1233 2973 1477 3058 priuilegialium

364 3075 544 3143 litterarum
575 3087 686 3146 nostro
717 3080 888 3164 priuilegio
911 3075 1013 3147 inseri
1037 3078 1217 3145 laceremus
1241 3078 1288 3144 ad
1305 3080 1478 3158 cautelam

363 3201 435 3250 cnm
452 3183 583 3251 easdem
600 3190 733 3272 propter
743 3185 1068 3252 discriminariarum
1083 3205 1195 3252 secum
1210 3183 1295 3250 ferre
1310 3205 1377 3250 non
1392 3183 1478 3250 aude

262 3329 271 3340 ι
363 3295 443 3355 rent.
462 3288 607 3366 Quarum
624 3300 717 3358 tenor
731 3292 809 3358 talis
827 3298 895 3359 est:

471 3397 656 3482 Stephanus
682 3398 744 3465 Dei
769 3419 815 3482 gr.
833 3400 940 3484 Hung.
968 3401 1032 3466 eth.
1049 3399 1118 3464 Rex
1140 3398 1201 3465 stb.
1220 3396 1429 3484 (htvetheaih
1444 3395 1477 3460 ll.

363 3498 475 3569 letvtn
502 3503 680 3590 kirtlynak
706 3508 803 3574 Jenot
827 3511 862 3572 es
887 3505 1045 3573 Zecheu·t
1068 3509 1224 3592 thrgyazh
1250 3505 1387 3574 mlo-ki
1410 3500 1484 3579 ado*

363 3611 578 3697 manylevele,
593 3613 675 3678 mint
690 3613 840 3698 Fejcrnel
858 3613 938 3680 Ood.
955 3614 1042 3697 Dipl.
1058 3613 1095 3678 V.
1113 3615 1180 3679 hot.
1198 3615 1222 3679 l.
1238 3633 1263 3678 r.
1281 3615 1334 3681 61.
1349 3611 1386 3698 l.)

469 3720 538 3784 Nos
555 3727 663 3785 autem
695 3720 738 3787 ad
769 3721 962 3805 peticionem
994 3719 1169 3786 eorundem
1189 3719 1327 3787 fratrum
1344 3728 1476 3786 tenorem

363 3845 420 3892 seu
437 3825 672 3892 continenciam
699 3829 880 3894 litterarum
896 3827 1151 3914 priuileglalium
1177 3827 1352 3894 earundem
1368 3821 1475 3890 nostris

363 3935 479 4000 litteris
496 3933 594 4000 inseri
611 3934 755 4018 lecimus,
772 3942 804 4002 et
819 3941 933 4002 nostro
958 3934 1070 4018 sigillo
1086 3931 1288 3999 communiri.
1318 3934 1430 4000 Datum
1447 3929 1474 3993 in

363 4039 489 4140 octauis
499 4040 591 4108 Beati
602 4041 771 4110 Michaelis
781 4041 981 4126 Archangeli
991 4062 1076 4108 auno
1086 4041 1219 4107 Domini
1228 4035 1481 4106 Mummi„

362 4168 461 4217 nono.

365 4341 500 4406 (Eredetie
513 4339 688 4408 bh'rhlrtylu,
707 4340 822 4408 asilggh'
847 4341 939 4410 peccet
965 4343 1102 4406 elcesaeos,
1120 4359 1137 4394 a
1150 4343 1235 4394 budai
1248 4343 1300 4392 kir.
1316 4339 1479 4394 kamarailo-
1560 4391 1562 4398 ,

840 4431 1007 4502 veletrban.)

816 4611 925 4621 v—---—·-
937 4613 957 4618 --
986 4613 1028 4620 ...-
