3180 5202
769 357 922 454 jea-

282 551 337 635 qui
354 557 424 617 erat
439 549 582 618 seruiens
599 553 718 632 noster,
733 549 793 630 qui
808 547 879 616 sine
894 549 1017 615 herede
1047 549 1267 635 decesserunt
1301 554 1330 618 oi
1357 551 1422 619 ali·

280 659 352 743 quis
369 658 410 724 de
425 657 568 743 ipsorum
586 654 697 722 radice
712 654 757 720 ad
773 676 831 723 noo
846 656 983 741 uenerit,
1000 662 1032 723 et
1046 675 1103 724 uos
1119 657 1286 744 petiuerit,
1312 677 1414 742 snper

274 767 349 850 ipsa
364 770 452 831 terra
466 763 573 849 ipsum
589 766 797 847 protegentes
822 763 979 849 teneatio5
1011 764 1040 830 si
1069 763 1256 831 uendiderit
1286 764 1411 850 precio,

272 870 466 958 comparetit
483 871 526 938 ab
543 867 657 937 eodem
673 868 728 936 uel
744 868 786 935 ab
803 868 933 956 eisdem,
949 876 1006 937 ant
1037 871 1066 938 ei
1097 871 1209 938 nullut
1239 872 1410 957 reperiens

273 979 438 1046 audiretur
454 997 495 1043 ex
510 975 602 1064 ipsis,
617 977 724 1063 ipsam
740 983 860 1044 terram
877 976 1046 1046 Secundus
1062 978 1202 1062 'Peleqni
1227 986 1264 1044 ut
1279 978 1410 1047 deuolu-

270 1093 337 1152 tem
352 1087 490 1170 potestis
506 1092 625 1152 tenere.
642 1087 725 1151 Item
743 1084 784 1151 de
800 1084 887 1152 facto
919 1093 1014 1170 terre,
1045 1105 1143 1170 quem
1174 1086 1289 1152 Petrus
1318 1085 1411 1154 filins

269 1191 382 1260 Raaoh
397 1193 468 1260 uult
484 1192 602 1275 exequi
617 1191 746 1259 nomine
762 1191 957 1281 Pothfolwa,
984 1192 1043 1260 ced
1075 1193 1180 1277 primo
1212 1192 1285 1260 nod
1302 1232 1342 1242 —
1365 1229 1405 1240 -

269 1300 359 1385 ieldy
375 1302 573 1384 uocabatur3
595 1299 636 1365 de
651 1319 692 1366 ee
708 1298 756 1366 oie
771 1300 853 1367 scire
869 1299 1006 1388 debetis,
1022 1299 1109 1384 qnod
1132 1300 1240 1386 ipsam
1272 1305 1398 1364 terram

278 1427 340 1491 que
355 1407 572 1494 Byeeenornm
589 1413 668 1490 erat,
688 1411 719 1474 et
735 1409 806 1473 eine
822 1405 944 1473 herede
959 1405 1177 1491 decesserunt,
1194 1407 1281 1474 Poth
1312 1407 1412 1472 Pale·

273 1517 360 1583 tinus
392 1536 413 1580 a
453 1513 585 1581 domino
615 1515 704 1598 Rege
744 1513 876 1581 Andrea
915 1515 1085 1601 postulans
1115 1533 1174 1600 pro
1206 1513 1414 1598 quibusdam

274 1622 424 1707 eeruioijs
454 1621 628 1704 acquieiuit
659 1626 790 1705 propter
804 1620 1001 1705 probitatem
1016 1621 1139 1700 Bacch,
1156 1619 1213 1704 qui
1229 1618 1273 1686 ad
1296 1622 1412 1704 ipsum

274 1729 358 1797 Poth
388 1729 571 1795 Palatinum
603 1733 672 1794 erat
701 1726 859 1813 ydoneus,
895 1729 1058 1812 quandum
1089 1726 1283 1816 particulam
1312 1726 1412 1792 metis

272 1835 478 1919 dietingendo
496 1835 529 1901 in
544 1834 619 1918 ipso
634 1839 722 1901 terre
738 1833 920 1902 donauerat
952 1841 1106 1921 perpetuo
1149 1833 1330 1922 possidere,
1375 1841 1411 1900 et

267 1943 431 2011 residuum
445 1949 530 2008 terre
546 1941 651 2026 ipsius
667 1941 730 2024 ipsi
747 1939 830 2007 Poth
845 1941 998 2009 Palatino
1028 1961 1086 2026 per
1103 1943 1330 2008 detencionem
1347 1943 1410 2028 ip·
1509 2029 1516 2036 ι

268 2049 336 2116 eine
371 2049 483 2116 Raach
507 2052 767 2133 perpetuaueret.
798 2047 872 2113 dam
904 2069 975 2113 cum
1006 2048 1128 2132 hiidem
1159 2048 1300 2134 Byeoeni
1330 2047 1408 2115 nine

268 2156 386 2223 herede
410 2155 539 2224 docenti
570 2159 687 2240 essent,
719 2159 751 2220 et
780 2153 854 2239 ipsa
885 2162 972 2222 terra
999 2153 1115 2223 fuisset
1147 2156 1205 2223 din
1236 2153 1399 2237 desolata,

271 2263 389 2330 Petrus
404 2262 471 2328 iem
486 2261 573 2328 filius
587 2260 700 2327 Raach
716 2262 823 2347 ipsam
839 2268 961 2328 terram
976 2260 1162 2330 Pothiolwe
1178 2281 1236 2347 pro
1254 2260 1329 2329 dote
1346 2282 1404 2328 cn·

270 2367 399 2435 iuodem
414 2368 532 2435 sororis
547 2386 605 2434 one
620 2365 831 2452 perquireret,
847 2387 911 2451 qne
927 2367 1056 2452 quidem
1078 2375 1168 2436 terra
1199 2387 1259 2435 nec
1289 2375 1407 2436 nostra

273 2483 397 2544 estnec
414 2474 515 2561 ipsius
530 2497 537 2557 3
554 2473 640 2540 vnde
656 2473 727 2559 pari
742 2480 817 2540 voto
834 2493 907 2540 cum
926 2474 1038 2544 eodem
1069 2476 1163 2541 Petro
1196 2477 1402 2560 alloquentes

266 2583 354 2651 taeta
369 2582 528 2651 diuisione
543 2601 614 2648 enm
634 2578 744 2647 eodem
762 2580 795 2646 in
822 2587 893 2647 tote
924 2582 984 2649 illa
1013 2582 1149 2666 potestis
1182 2583 1300 2666 partiri
1329 2602 1406 2650 cnm

268 2689 382 2758 eodem
398 2695 430 2756 et
445 2694 601 2776 perpetuo
617 2687 795 2772 possidere.
822 2687 877 2753 Sic
907 2689 999 2756 uadit
1029 2688 1070 2754 de
1100 2695 1186 2754 terra
1215 2688 1406 2757 Pothfolwa

269 2800 338 2869 sine
354 2796 574 2884 Chedueteldy
589 2795 783 2880 supradicte.

276 2996 412 3061 (Eredetie
423 2993 592 3060 bh'rhdrtpdn
605 2992 698 3060 peccet
711 2989 813 3050 nothel,
826 3005 842 3040 a
862 3007 895 3042 m.
910 2991 937 3045 h.
956 2989 1051 3055 Rdray
1071 2989 1164 3042 ceuldd
1178 2987 1391 3055 levelttrtban.)

727 3258 941 3268 ——---

787 3666 867 3733 315.

272 3867 516 3953 Tdrodnydezdci
532 3867 703 3951 bizoeyecip
718 3865 824 3929 Jceos
842 3884 937 3929 comeo
954 3861 1170 3928 Garobaeuok
1189 3862 1243 3943 fic
1273 3864 1399 3926 rc‘ezdre

268 3975 403 4040 Grooch
413 3973 481 4056 fici
501 3975 533 4037 de
550 3973 773 4038 trdektoroaik
788 3972 951 4036 iddztettee
966 3967 1158 4055 tdryydbau.
1190 3947 1242 4032 &c
1273 3969 1399 4034 nothel.

374 4168 493 4233 Datum
509 4186 567 4251 pro
583 4164 756 4232 memoria:
773 4165 859 4248 quod
877 4164 990 4230 Comes
1005 4163 1148 4229 Abraem
1163 4158 1260 4245 :finus
1292 4161 1398 4247 (lnge,

265 4297 362 4363 quem
379 4293 451 4342 cum
468 4270 594 4340 comite
609 4273 758 4340 dohanne
774 4271 840 4339 filio
856 4273 1008 4366 Garahus
1024 4268 1069 4336 ad
1101 4266 1267 4334 citandum
1299 4269 1397 4335 misc-

266 4399 384 4461 remus,
400 4381 518 4450 adnue
534 4396 682 4450 reuersus
698 4377 783 4446 dixit
798 4379 876 4447 vina
907 4397 994 4464 voce,
1020 4373 1107 4461 qnod
1135 4373 1220 4442 feria
1250 4374 1397 4441 secunda

266 4489 415 4573 proxima
432 4495 507 4574 post
523 4495 655 4556 octonas
670 4487 764 4554 Beati
794 4485 973 4572 Mychaelio
1004 4482 1205 4567 Archangeli
1235 4479 1395 4550 Comitem

267 4591 427 4658 Jacobum
444 4601 476 4660 et
492 4595 675 4662 Johonnem
690 4594 775 4661 filios
806 4592 938 4660 Granch
969 4590 1003 4657 in
1033 4589 1113 4660 uilla
1144 4589 1286 4674 ipsorum
1317 4585 1393 4672 Inep
