3234 5194
586 327 588 334 '
629 317 682 422 ⁴o

84 545 223 613 Bodow
242 550 368 616 litteras
385 552 607 636 priuilegiales
624 553 821 620 venerabilis
833 553 973 640 Capituli
984 554 1229 639 &trigoniensis

85 674 173 720 cum
192 657 310 740 quibus
328 658 450 725 eisdem
470 659 617 742 predicta
643 667 729 726 terra
754 681 812 746 per
843 662 980 729 Obuslru
1007 663 1108 730 lilium
1142 661 1231 730 ocus
1274 736 1276 744 ,

85 761 209 829 suerat
225 763 388 832 deuolute.
399 769 656 850 Assumpserunt
672 770 1008 854 pretereaRomanus‚
1021 771 1178 837 Nicolaus
1196 777 1229 836 ct

83 869 252 936 Andreas
270 871 389 940 fratres
406 873 456 938 sui
472 873 623 956 superius
640 873 801 940 nominati
819 875 927 961 sepius
944 877 1047 943 latum
1077 877 1232 944 Comitem

84 977 226 1045 Bodow
242 982 387 1065 ipsorum
404 980 542 1066 proprijs
568 983 749 1067 sumptibus
776 989 809 1048 et
835 985 988 1069 expensis
1013 987 1055 1052 ab
1083 987 1233 1052 omnibus

81 1107 197 1171 super
212 1087 286 1174 ipsa
300 1097 388 1156 terra
403 1090 586 1173 inquietare
601 1090 786 1156 volentibus
807 1091 970 1176 expedire.
991 1095 1028 1158 In
1055 1097 1147 1161 cuius
1172 1115 1230 1179 rey

88 1195 324 1262 testimonium
342 1203 374 1262 et
389 1197 575 1264 memoriam
591 1205 758 1282 presentes
773 1205 902 1266 nostras
919 1200 1046 1267 litteras
1072 1202 1231 1269 concessi-

90 1322 176 1368 mus
192 1300 295 1386 sigilli
313 1303 417 1370 nostri
435 1303 610 1370 munimine
625 1303 804 1373 roboratas.
823 1308 944 1373 Datum
964 1309 995 1372 io
1022 1309 1149 1374 octanis
1167 1309 1232 1374 Na-

89 1408 240 1476 tiuitatis
257 1410 360 1476 Beate
374 1410 476 1477 Mario
492 1432 578 1479 anno
594 1412 724 1478 Domini
748 1411 922 1480 millesimo
940 1413 1159 1482 ducentesimo
1176 1435 1232 1482 no·
1340 1429 1343 1435 ’

91 1537 280 1600 nagesrmo.

92 1717 240 1782 (Erodstie
254 1715 434 1784 soranum,
448 1733 466 1768 a
477 1717 591 1782 melyro'l
604 1734 621 1767 a
632 1719 727 1784 pscsrlt
753 1715 982 1788 hlrtyaasincgeu
1006 1719 1074 1788 stigg
1088 1741 1094 1785 ;
1116 1737 1133 1770 a
1153 1720 1235 1771 budai

475 1807 527 1859 kir.
542 1805 666 1858 kamaraci
688 1805 877 1873 lovtltlrban.)

569 2097 779 2112 --.-..--—....

653 2635 683 2702 8.
805 2525 1084 2728 gestatis!
1101 2661 1357 2822 aarum

96 2812 130 2880 A
149 2816 269 2898 saepest
284 2813 512 2900 laptalouuulc
529 2815 644 2880 Laudo
729 2817 806 2881 olcus
822 2819 853 2882 ἑο
880 2817 987 2901 Nyrcr·
1013 2817 1237 2904 helyaeqelcnclr

123 2925 358 3007 hutciry'circiactt
374 2926 531 3007 tcirpyazo
538 2699 901 3040 jMEuclrc
916 2925 1097 3009 kirrilplror.
1118 2927 1214 2988 1290.

214 3116 495 3186 Excellentissimo
520 3119 649 3187 domino
665 3139 724 3187 suo
740 3117 871 3186 Andree
887 3121 947 3185 Dei
974 3120 1087 3204 gracia
1111 3118 1234 3186 Illustri

101 3225 187 3310 Regi
203 3225 371 3311 Hungarie
386 3226 572 3312 Capitulum
589 3227 735 3294 Ecclesic
751 3227 864 3293 Sancti
879 3225 1008 3293 Martini
1035 3227 1076 3291 de
1107 3225 1232 3310 Scepus

105 3331 278 3402 oraciones
296 3334 329 3398 in
343 3333 484 3414 Domino
501 3333 629 3400 debitas
646 3341 678 3401 et
693 3333 841 3402 denotas.
858 3334 993 3402 Nouerit
1020 3335 1137 3400 Vestra
1163 3333 1235 3400 Oel-

105 3442 225 3526 situdo,
240 3441 327 3525 quod
337 3439 455 3510 litteris
472 3443 591 3509 vestris
601 3449 786 3512 reuerenter
795 3442 939 3528 acceptis
956 3462 1021 3508 vna
1037 3461 1111 3508 cum
1128 3437 1235 3528 predi·

104 3558 157 3617 cto
174 3549 290 3617 Pouka
305 3551 435 3617 homine
448 3559 554 3618 vestro
565 3550 759 3636 Magistrum
772 3550 973 3636 Stephanum
984 3549 1106 3617 socium
1119 3555 1151 3616 et
1167 3569 1238 3616 con·
1346 3593 1352 3604 ·

105 3661 302 3726 canonicum
319 3667 462 3727 nostrum
475 3660 517 3726 ad
528 3659 676 3746 predicta
687 3659 842 3726 mandata
854 3665 962 3725 vestra
974 3658 1124 3726 duximus
1141 3656 1241 3724 desti-

105 3767 263 3834 nandum.
291 3766 353 3844 Qui
370 3769 499 3850 quidem
516 3775 622 3836 vester
643 3776 674 3834 et
689 3777 798 3834 noster
814 3767 961 3834 homines
978 3767 1020 3834 ad
1037 3788 1095 3834 nos
1113 3767 1234 3834 reuersi

109 3875 316 3943 concorditer
331 3876 426 3942 nobis
442 3877 635 3944 retulerunt:
652 3873 739 3959 quod
751 3875 915 3960 prediatus
931 3875 1029 3942 villas
1047 3895 1103 3941 seu
1115 3893 1239 3959 posses-

107 3983 219 4050 siones
230 3989 263 4050 et
280 3985 382 4051 siluas
399 3991 550 4050 eteorum
562 3991 666 4052 metas
678 3984 866 4052 conuocatis
878 3981 1052 4068 sepedictis
1066 3987 1239 4049 commeta·

108 4095 181 4158 neis
202 4093 379 4160 earundem
412 4093 674 4160 reambulassent
700 4101 732 4160 et
764 4093 955 4159 statuissent
971 4111 1048 4176 sepo
1076 4089 1241 4154 nominato

106 4197 241 4265 Andrus
257 4199 349 4264 nullo
365 4199 493 4285 penitus
527 4199 777 4270 contradicente.
811 4200 895 4266 Mate
912 4219 987 4266 vero
1022 4196 1240 4282 predictarum
1272 4239 1278 4249 .

108 4306 351 4391 possessionum
369 4316 400 4376 et
416 4308 583 4393 siluarum,
609 4310 694 4376 sicut
709 4308 793 4375 idem
821 4307 916 4374 homo
942 4311 1051 4372 noster
1077 4312 1109 4371 ct
1134 4311 1243 4372 vester

108 4413 202 4480 nobis
222 4413 384 4502 dixerunt,
401 4415 462 4484 hoc
477 4416 589 4484 ordine
606 4415 843 4500 distinguntur:
872 4413 982 4480 Prima
998 4418 1094 4495 meta,
1111 4431 1174 4496 que
1190 4417 1242 4478 est

3 4555 5 4558 ·
110 4525 194 4591 inter
209 4521 349 4592 Landolr
368 4532 400 4590 et
415 4525 537 4610 Bolus,
555 4525 670 4611 incipit
686 4525 720 4590 iu
736 4521 876 4606 quadam
895 4522 983 4586 valle
1000 4519 1105 4605 Qrp'el
1117 4525 1245 4605 vocata,

109 4652 172 4715 qus
187 4631 286 4702 vallis
305 4631 530 4700 descenditur
547 4635 645 4700 niueo
661 4639 770 4701 moute
795 4629 955 4714 usquead
981 4628 1114 4696 fluuium
1140 4626 1242 4713 Bola5
