3180 5202
901 351 968 419 450

365 551 458 630 perte
486 547 599 632 itaque
615 544 767 612 orientali
782 543 904 610 dictam
919 551 1039 612 terram
1064 545 1217 612 dixerunt
1231 547 1400 613 terminari
1413 555 1491 617 terre

368 652 492 738 Tauar,
505 651 560 716 ubi
576 670 649 717 cum
664 650 758 718 metis
776 651 891 718 terreis
907 649 950 716 ab
966 651 1040 735 ipsa
1065 657 1152 717 terra
1182 651 1290 718 Tener
1320 651 1481 722 recitarunt

372 779 408 827 se
424 757 580 842 separari.
596 757 706 842 Ipsam
723 764 833 823 antem
850 757 1026 841 septimam
1041 763 1170 842 partem
1195 758 1409 842 assignabunt
1434 761 1485 828 eis
1571 793 1573 798 ·

372 864 445 932 dem
461 865 536 932 filiis
552 863 645 930 Ebed
660 871 777 948 quarto
794 862 848 928 die
871 868 945 948 post
962 872 1097 931 octenas
1113 863 1226 931 Sancti
1242 863 1343 950 Regis
1368 866 1411 931 ab
1433 887 1491 934 noa

368 979 465 1059 parte
481 992 540 1056 per
556 969 727 1038 arbitrium
743 977 775 1036 et
791 969 991 1037 sentenciam
1006 973 1103 1057 Dees,
1124 971 1259 1038 Andree
1275 971 1333 1056 filij
1365 972 1491 1060 Endera,

370 1078 499 1146 Nicolai
513 1077 571 1163 filij
600 1077 770 1164 Stephani,
796 1084 830 1143 et
845 1077 1002 1146 Hermani
1017 1075 1058 1144 de
1072 1077 1217 1145 Hermen
1232 1101 1274 1148 ex
1305 1086 1398 1166 parte
1425 1079 1493 1146 iilic
1572 1125 1573 1128 ,

372 1208 443 1254 rum
459 1186 570 1263 Ebed;
587 1186 665 1253 item
681 1185 842 1252 Johaunis
858 1184 919 1270 filij
936 1185 1123 1270 Laurencij,
1139 1185 1227 1252 Petri
1242 1186 1302 1272 filij
1315 1187 1494 1274 Uiriatho

371 1315 424 1363 rue
441 1293 499 1378 filij
517 1293 613 1360 Moch
629 1300 661 1359 et
676 1292 858 1360 Alexandri
875 1292 932 1378 filij
951 1293 1118 1378 Obnlgani
1135 1313 1194 1377 pro
1210 1301 1303 1379 parte
1313 1295 1496 1361 Tristauiet

372 1402 510 1469 aliorum
525 1400 690 1467 mediante
713 1399 900 1466 testimonio
917 1399 1060 1486 Capituli
1077 1398 1186 1467 Oestri
1200 1401 1323 1486 Ferrei,
1351 1409 1385 1468 et
1408 1401 1498 1468 Balas

373 1507 415 1573 de
430 1507 513 1592 Lod,
530 1508 585 1592 qui
600 1507 777 1591 pristaldos
795 1505 902 1575 extitit
919 1507 1016 1574 lunius
1031 1525 1141 1574 cause.
1170 1506 1363 1576 Addicimus
1396 1508 1498 1594 eciam,
1572 1581 1573 1584 Ἴ

373 1613 462 1698 quod
477 1634 517 1680 ea
531 1633 620 1700 pars,
635 1633 697 1697 que
714 1613 755 1680 de
770 1613 959 1681 huiusmodi
975 1614 1214 1699 composicione
1239 1614 1326 1682 inter
1343 1635 1380 1682 se
1395 1615 1498 1682 habita
1571 1619 1573 1628 '

374 1720 537 1806 resilierit,
554 1721 640 1805 parti
657 1720 928 1807 composicionem
944 1719 1069 1788 tenenti
1084 1727 1160 1786 ante
1171 1719 1240 1786 litis
1251 1721 1433 1802 ingressum
1448 1741 1499 1788 ser

337 1811 340 1818 ¹
373 1847 503 1896 marcas
519 1825 634 1914 soluet,
649 1835 747 1916 prout
761 1829 805 1894 ad
821 1828 857 1894 id
873 1849 910 1895 se
926 1848 1004 1915 pars
1020 1835 1159 1912 unaque
1173 1828 1344 1913 obligauit.
1361 1828 1497 1896 Dicimus

378 1943 497 2022 amen,
513 1935 601 2019 qnod
617 1935 659 2002 de
675 1937 915 2022 composicione
930 1935 1020 2002 faeta
1036 1955 1134 2022 super
1150 1936 1291 2024 septima
1306 1943 1401 2021 parte
1423 1943 1499 2003 terre

376 2043 540 2110 nominate
555 2048 670 2112 neuma
686 2045 834 2130 parcium
852 2043 975 2130 poterit
989 2043 1126 2110 resilire.
1136 2042 1285 2109 Dicimus
1297 2044 1412 2128 eciam,
1422 2041 1498 2126 quod

377 2151 405 2218 si
422 2156 531 2217 notato
547 2149 600 2216 die
616 2155 690 2234 post
705 2155 841 2217 octenas
856 2150 967 2218 Sancti
982 2149 1084 2233 Regis
1100 2157 1222 2236 partes,
1244 2157 1377 2235 propter
1399 2149 1500 2232 adque

375 2257 513 2342 negocia
528 2255 643 2341 Regni,
653 2276 718 2322 uou
734 2262 866 2341 possent
880 2255 1057 2341 procedere
1073 2256 1106 2320 in
1123 2255 1291 2340 premissis
1304 2277 1313 2340 ς
1330 2262 1444 2322 extunc
1457 2257 1499 2324 ui·

377 2363 497 2432 eesimo
513 2363 655 2431 secundo
671 2361 725 2428 die
739 2357 850 2430 Sancti
884 2362 1053 2430 Michaelis
1084 2362 1264 2447 procedere
1295 2369 1442 2447 poterunt
1469 2345 1523 2427 iu'

380 2469 556 2556 premissis.
573 2469 650 2536 Post
665 2469 726 2538 heo
742 2476 852 2537 autem
867 2470 901 2536 in
933 2470 1107 2553 quindenis
1139 2467 1291 2537 Omnium
1322 2469 1497 2535 Sanctorum

378 2583 492 2663 partes
507 2571 727 2644 coram'nobis
743 2578 979 2664 comparebunt
995 2576 1039 2642 ad
1071 2576 1240 2645 recitanda
1269 2573 1426 2662 premissa
1453 2575 1497 2640 uel

379 2683 424 2752 ad
437 2685 697 2769 perempcioucm
714 2703 822 2752 cause.
847 2687 970 2752 Datum
985 2684 1020 2750 iu
1042 2684 1167 2771 Lipche
1197 2691 1294 2751 sexta
1324 2681 1406 2750 leuia
1433 2687 1497 2768 post

378 2789 560 2876 quindenas
576 2789 689 2858 Sancti
704 2789 864 2858 Johauuis
879 2791 1037 2877 Baptiste.

485 2895 625 2963 Kirtll
647 2916 920 2984 ugyauaaou
953 2897 1054 2965 keu:
1077 2898 1140 2966 Pro
1172 2897 1248 2983 filijs
1278 2896 1371 2965 nucu
1400 2901 1499 2964 conte

379 3002 715 3072 'llistenumetalios
731 3023 829 3088 snper
845 3007 1207 3091 septimaparteterre
1384 3015 1389 3022 ’

379 3201 520 3265 (Eredeta'e
542 3197 851 3266 bdrlrtrtydu,melyrdl
865 3197 1079 3253 ahitulrdloda
1100 3207 1223 3266 uyomott
1248 3196 1341 3267 pesse
1371 3193 1504 3259 lemtllott„

685 3307 702 3342 a
719 3306 805 3342 nemu.
826 3306 950 3342 museum
964 3286 1207 3356 henirattirdbarc)

843 3585 1059 3598 una—...n—
