3234 5194
843 259 998 362 .-.32„..

461 453 528 520 Nos
545 452 699 536 Magister
715 453 838 536 Opowr
854 452 915 518 stb.
933 449 1146 537 (kdvetkeaik
1162 459 1253 537 Apnr
1279 457 1402 519 mester
1438 473 1508 538 po·

360 561 474 646 nsonyi
491 560 689 646 fdispdnnak
707 559 845 631 latr-ki
862 559 1035 647 oirmtnya,
1054 563 1136 627 mint
1154 562 1252 628 aldbb
1269 564 1323 628 50.
1341 581 1384 627 sz.
1402 559 1456 644 a.)

463 669 530 734 Nos
547 669 655 750 itaque
682 667 896 733 consideratis
922 666 1134 733 fidelitatibus
1160 667 1322 734 dierorum
1341 669 1503 752 Nieolyn

355 779 460 858 Isaeo,
475 774 625 840 Ladinlai
643 781 675 838 et
691 771 840 854 Andree,
858 791 897 838 ae
913 773 1051 839 aliorum
1069 783 1280 858 cognatorum
1295 772 1484 840 eorundem
1491 828 1505 861 ,

355 891 391 950 nt
405 883 505 966 ijdem
522 883 615 948 nobis
626 887 658 946 et
669 878 783 947 Castro
799 888 909 946 nostro
921 883 1112 949 Posoniensi
1129 882 1328 949 commodius
1340 890 1374 948 et
1388 902 1502 968 expe-

355 990 460 1056 dioius
470 991 601 1055 ualeant
611 1007 671 1053 sua
682 987 822 1053 seruicia
832 986 985 1055 exhibere
996 1017 1003 1051 ε
1015 988 1118 1054 dietas
1130 994 1278 1073 patentes
1289 991 1416 1056 litteras
1431 991 1501 1055 00-

356 1098 443 1164 mitis
454 1097 557 1162 nostri
574 1095 780 1162 Posoniensis
791 1105 881 1161 ratas
892 1095 1049 1162 habentes
1061 1102 1092 1160 et
1102 1103 1265 1181 aooeptas,
1276 1094 1316 1161 de
1327 1099 1431 1164 uerbo
1446 1097 1499 1163 ad

354 1206 487 1271 uerbum
503 1204 707 1290 presentibus
723 1203 874 1287 insertas,
891 1204 1074 1288 patrocinio
1085 1205 1189 1271 nostri
1199 1205 1366 1292 priuilegij
1388 1205 1492 1272 duxi·

355 1333 425 1380 runs
441 1309 696 1395 confirmandam
714 1311 819 1394 ipsam
837 1317 956 1378 terram
972 1309 1112 1395 predicti
1129 1312 1236 1379 Castri
1253 1312 1357 1379 nostri
1384 1312 1495 1396 Apka

354 1426 503 1486 vocatam
521 1422 562 1487 ab
579 1419 651 1505 ipso
666 1419 781 1486 Castro
797 1426 907 1486 nostro
934 1427 1105 1505 exceptam
1131 1425 1163 1484 et
1189 1427 1382 1506 exemptam,
1409 1441 1493 1486 enm

355 1528 503 1594 omnibus
519 1527 716 1596 utilitatibus
732 1534 764 1594 et
779 1527 990 1613 pertinenoijs
1007 1526 1077 1593 suis
1104 1526 1228 1594 eisdem
1252 1526 1492 1610 iobagionibns

356 1633 460 1702 Oastri
476 1636 577 1703 nostri
594 1642 625 1700 et
640 1635 784 1720 ipsorum
801 1633 1044 1702 suecessoribus
1069 1633 1299 1718 possidendam
1324 1637 1489 1719 perpetuo

355 1751 386 1810 et
402 1743 587 1812 habendam
605 1742 835 1826 relinquendo;
853 1742 925 1806 sine
941 1747 1051 1807 tamen
1067 1741 1248 1827 preiudioio
1264 1742 1344 1809 iuris
1362 1741 1485 1808 alieni.

354 1853 392 1917 In
417 1853 509 1918 ouius
534 1853 580 1919 rei
604 1851 791 1918 memoriam
817 1855 1074 1936 perpetuamque
1099 1849 1284 1917 firmitatem
1312 1845 1489 1934 presentes

354 1959 573 2026 oonoessimns
590 1960 729 2044 duplicis
745 1957 846 2041 sigilli
862 1958 962 2022 nostri
974 1956 1338 2024 munimineroboratas.
1357 1957 1485 2023 Datum
1577 1969 1579 1974 '

354 2086 412 2150 per
426 2086 541 2132 manus
558 2064 685 2132 disereti
703 2065 764 2132 viri
789 2065 940 2149 Magistri
967 2065 1128 2131 Theodori
1153 2066 1306 2132 Albensis
1332 2063 1487 2130 Euolesie

353 2171 526 2256 Prepesiti,
540 2174 615 2238 aule
632 2179 741 2238 nostre
757 2173 836 2240 Vioe
853 2171 1061 2258 Cancellarij,
1079 2172 1192 2239 dileoti
1208 2179 1240 2238 et
1256 2172 1362 2240 fidelis
1378 2171 1487 2236 nostri

355 2299 441 2346 auno
457 2279 585 2347 Domini
601 2279 720 2347 ΜῠΟΟ0
735 2277 947 2366 nonagesimo
963 2281 1078 2367 primo,
1097 2288 1210 2365 quarto
1227 2302 1330 2348 nonas
1346 2282 1486 2346 Decem·

355 2385 432 2474 bris,
449 2387 632 2456 Indiooione
648 2397 775 2480 quarta,
792 2389 896 2472 Regni
911 2395 1020 2456 antem
1036 2389 1138 2456 nostri
1154 2409 1239 2456 anno
1257 2389 1411 2456 seeundo.

355 2583 491 2649 (Eredetie
505 2583 678 2653 burhtrtytn,
693 2602 709 2638 a
723 2585 974 2653 zeid-vorus-strga
996 2585 1221 2652 selyemaeindron
1245 2586 1354 2652 suggest
1376 2583 1485 2651 peesdt-

444 2677 497 2727 nek
510 2677 638 2728 tdredeke
662 2693 778 2744 magron
791 2677 869 2743 meg3
883 2691 900 2727 a
913 2677 996 2728 budei
1016 2677 1066 2726 lrir.
1080 2677 1204 2728 kamarai
1214 2672 1409 2740 levdltdrban.)

812 2967 1020 2976 ...——.....—-

877 3500 933 3567 24.

355 3693 417 3764 ΙΙΙ.
433 3697 544 3764 Eudae
559 3697 734 3783 ln'rdtynok
749 3698 949 3784 Famesfaloa
964 3700 1115 3784 helysdqet
1132 3702 1282 3785 tdrqyozd
1296 3699 1475 3782 adomdnya

546 3805 682 3869 Rezneki
700 3804 807 3869 Oltotr
824 3829 923 3871 eomes
932 3807 1001 3889 fiai
1016 3811 1174 3872 szdmdra.
1192 3803 1290 3871 1292.

461 4001 529 4068 Nos
544 3996 693 4066 Andreas
710 4001 770 4067 Dei
789 4001 901 4084 graoia
926 4003 997 4066 Rex
1021 3999 1190 4084 Hungerie
1207 3997 1361 4066 memorie
1387 4017 1467 4064 oom-

351 4109 541 4176 mendantes
558 4109 676 4191 quibua
693 4109 823 4194 expedit
839 4108 1058 4192 significamus
1073 4109 1252 4191 uniuersis;
1271 4106 1357 4190 quod
1374 4103 1470 4171 oonsi-

351 4217 532 4286 siderantes
563 4217 739 4282 fidelitates
757 4221 789 4280 et
805 4215 1013 4282 seruitiorum
1044 4215 1159 4281 merita
1177 4211 1312 4280 comitis
1338 4213 1469 4278 Herbar-

353 4325 406 4410 di,
436 4326 563 4392 Ninolei
574 4375 584 4409 ,
610 4324 769 4408 Gregorij‚
788 4321 935 4408 Oliuerij‚
961 4331 993 4388 et
1008 4323 1141 4387 fratrum
1162 4303 1292 4389 suoriim
1302 4371 1311 4405 ‚
1339 4320 1469 4386 filiorum

353 4433 485 4500 Comitis
502 4433 661 4518 Olinerij,
686 4431 829 4496 fidelium
856 4437 1048 4515 nostrorum,
1074 4430 1237 4512 quandam
1263 4437 1384 4496 terram
1401 4447 1465 4512 spe-

328 4521 531 4610 ¹enlatorum
562 4546 740 4607 nostrorum
768 4536 973 4606 Famesfolua
1005 4544 1157 4603 uoeatam
1183 4536 1217 4602 in
1234 4536 1400 4602 Comitatn
1416 4534 1468 4602 Za·
