3146 5192
382 1155 412 1222 A
424 1157 519 1245 picci
533 1157 761 1244 kdptclannulc
771 1160 918 1242 jelssccse
934 1161 997 1226 ΙΙΙ.
1011 1159 1123 1226 Endrc
1146 1161 1329 1246 Ιιίνάίῃῖιοι,
1354 1161 1438 1244 bogy
1453 1160 1504 1223 Ist-

384 1269 445 1330 con
461 1287 558 1330 comcs
572 1265 859 1352 clorsadgbirdoulc
889 1267 1052 1333 Tlsudmaa
1078 1271 1244 1356 selyscqre
1266 1267 1442 1333 coemtozo'
1452 1289 1504 1352 pa

675 1373 1100 1460 suucsdtfcqauatcas'totto.
1121 1377 1219 1446 1299.

489 1567 768 1636 Excellentissimo
786 1569 916 1637 domino
931 1591 990 1638 suc
1016 1571 1147 1639 Andrce
1172 1573 1239 1637 Dei
1263 1573 1377 1655 gracia
1402 1569 1505 1636 inclito

386 1675 468 1760 Regi
498 1675 668 1760 Hungarie
699 1677 885 1761 Capitulum
909 1678 1261 1762 Quinqucecclesiense
1284 1678 1453 1745 oraciones
1476 1677 1505 1740 in

386 1784 531 1848 Domino.
550 1783 700 1867 Receptis
716 1784 831 1851 litteris
848 1784 985 1875 Oomjtis
1001 1785 1160 1871 Stephani
1176 1783 1390 1853 Uice-iudicis
1418 1783 1505 1849 curie

384 1899 504 1976 ucsme,
521 1893 653 1958 nominc
669 1912 708 1958 ac
725 1895 795 1960 uice
810 1894 959 1978 Magistri
975 1895 1135 1981 Stephani
1152 1897 1194 1962 de
1213 1915 1335 1979 genere
1350 1895 1506 1960 Durn'sma

353 2069 355 2077 ,
375 1995 524 2066 'bominis
541 1999 652 2084 uestri,
668 2021 740 2066 cum
756 1999 906 2070 Jolranne
923 2003 990 2069 filio
1007 2003 1170 2070 Bernalch
1189 2003 1230 2069 de
1258 2001 1369 2068 eodem
1394 2016 1505 2084 genere

386 2107 558 2194 Durusma,
575 2108 738 2173 seruiente
755 2115 787 2176 et
801 2118 942 2192 cognato
959 2131 1028 2196 suo,
1044 2111 1207 2178 hominem
1242 2117 1387 2177 nostrum
1412 2103 1505 2187 Magi·

386 2219 487 2280 strum
503 2213 676 2282 Nicolaum
693 2215 891 2282 Canonicnm
906 2217 1054 2284 Ecclesie
1069 2219 1183 2284 Sancti
1199 2214 1503 2299 JobannisBaptiste

388 2319 429 2385 de
446 2317 745 2408 Quinqueecclesijs
760 2324 999 2390 transmisimus
1015 2325 1058 2390 ad
1074 2323 1270 2408 exequenda
1285 2344 1336 2410 ea,
1353 2323 1435 2390 sicut
1458 2340 1503 2388 er-

388 2429 551 2512 primetur.
570 2428 725 2512 Idemque
741 2431 907 2497 Johannes
932 2432 1112 2517 pristaldos
1137 2451 1209 2498 cum
1237 2431 1353 2498 ecdem
1380 2429 1500 2497 bomine

386 2543 495 2604 nostro
511 2535 554 2602 ad
570 2555 629 2601 nos
645 2534 773 2603 rcdicns
790 2539 884 2604 nobis
900 2537 1001 2622 dixit;
1018 2540 1104 2623 quod
1120 2541 1192 2624 ipse
1207 2545 1359 2624 presente
1383 2535 1498 2603 bomine
1548 2558 1553 2567 ·

387 2651 496 2710 nostro
512 2641 544 2707 in
561 2643 698 2710 sabbato
714 2649 787 2728 post
802 2643 919 2711 festum
936 2643 1196 2713 circumcisionis
1206 2645 1339 2712 Domini
1350 2643 1495 2712 accedens

387 2753 419 2816 in
431 2749 542 2816 uillam
552 2748 706 2835 Ronbeyd
722 2750 779 2836 lilij
797 2751 997 2838 Lamperthy
1014 2751 1176 2819 Thaiman
1193 2759 1344 2821 uocatam
1361 2753 1395 2818 in
1409 2749 1496 2818 Comi-

387 2866 457 2926 tatn
481 2859 524 2924 dc
548 2855 686 2923 Wolkou
712 2858 875 2941 situatam,
901 2861 954 2927 ubi
982 2861 1175 2947 reperiendo
1197 2863 1389 2948 Dyonisium
1411 2857 1496 2923 lilium

387 2969 515 3033 llortun
530 2961 716 3049 Tbolmany
731 2965 863 3052 dictum,
875 2967 1009 3034 fratrem
1024 2969 1174 3036 uidelicet
1184 2971 1367 3055 patruelem
1377 2962 1495 3051 predicti

387 3072 561 3158 Ronbeyd3
580 3071 631 3136 cui
648 3070 778 3156 quidem
793 3072 952 3159 Dyonisio
969 3083 1002 3142 et
1018 3077 1146 3160 populis
1163 3077 1204 3143 de
1220 3073 1336 3142 eadem
1355 3075 1437 3158 uilla,
1460 3069 1497 3135 io

389 3177 583 3262 hagionibus
616 3177 760 3244 eiusdem
786 3179 951 3266 Roubcyd‚
977 3182 1252 3250 commorantibus
1277 3181 1311 3246 in
1336 3201 1401 3248 una
1423 3176 1497 3244 curia

389 3287 451 3352 sub
466 3303 533 3350 una
548 3290 652 3370 porta,
669 3284 752 3350 dixit
769 3287 867 3352 uerbo
885 3295 1003 3373 uestro,
1024 3295 1058 3354 ut
1083 3289 1116 3354 in
1142 3288 1380 3372 quintodecimo
1404 3285 1460 3369 die,
1482 3303 1499 3347 a

388 3390 533 3478 predicto
550 3391 686 3457 sabbato
704 3392 757 3457 die
773 3395 999 3481 computando,
1025 3396 1190 3479 predictus
1215 3393 1380 3481 Rozbeyd,
1404 3411 1497 3460 secun·

389 3499 465 3565 dum
480 3497 614 3564 formam
631 3496 865 3566 antedictarum
881 3501 1058 3570 litterarum
1075 3503 1273 3570 Uioeindicis
1288 3501 1386 3568 Gurie
1410 3507 1500 3568 naue

389 3606 482 3674 nobis
498 3605 771 3690 transmissarum,
788 3607 863 3672 illas
879 3607 1018 3693 litteras,
1035 3611 1153 3692 quibus
1169 3611 1390 3677 mediantibus
1407 3609 1497 3675 littere

389 3713 617 3780 introductoria
634 3713 786 3778 uidentur
799 3717 957 3802 reuocari,
976 3718 1129 3784 exhibeat
1156 3719 1191 3784 in
1216 3735 1367 3806 persona,
1393 3724 1422 3783 et
1447 3734 1498 3780 non

389 3839 448 3904 per
464 3825 701 3905 procuratorem
718 3841 823 3903 sunm,
850 3829 962 3890 contra
977 3825 1167 3909 Magistrum
1182 3826 1368 3894 Johannem
1383 3826 1422 3892 de
1436 3823 1498 3888 Wo-

390 3927 481 4011 soud,
499 3926 584 4010 quod
598 3933 676 3992 tunc
693 3935 941 4010 recognoscatur
956 3929 996 3998 de
1020 3933 1236 4000 reuocacione
1267 3935 1444 4000 litterarum
1464 3929 1499 3997 in·

390 4033 660 4100 troduetoriarum
676 4033 913 4121 predictarum
929 4039 1007 4122 quin
1018 4039 1123 4125 ipsum
1134 4041 1329 4124 Magistrum
1338 4040 1499 4109 iohannem

390 4139 554 4222 profacto
571 4140 745 4225 principali
763 4153 794 4208 ct
810 4143 1009 4234 preiudicijs,
1027 4145 1061 4213 in
1078 4149 1196 4232 quibus
1214 4156 1327 4216 contra
1343 4150 1443 4234 ipsum
1457 4145 1499 4211 Jc
1553 4170 1557 4178 ·

391 4245 531 4314 hannem
546 4245 645 4333 ydem
661 4248 813 4334 Rozbeyd
830 4251 1032 4336 dignoscitur
1047 4257 1115 4322 iore
1132 4257 1316 4343 conuictus,
1332 4257 1366 4324 in
1383 4253 1499 4323 eandem

391 4353 625 4436 possessionem
642 4354 800 4422 ‘l'halman
817 4365 968 4426 uocatam
987 4361 1245 4450 intromittentes,
1262 4365 1359 4430 finem
1378 4361 1498 4445 debitum
1550 4361 1556 4371 '

392 4455 468 4524 huic
483 4460 619 4542 negocio
636 4459 772 4546 facietis,
791 4463 874 4530 sicut
891 4469 1106 4548 postulauerit
1122 4470 1202 4536 ordo
1218 4469 1312 4537 iuris.
1328 4472 1441 4537 Datum
1449 4475 1497 4531 ter·
1552 4476 1556 4487 '

392 4562 444 4630 oio
458 4565 511 4631 ilie
527 4565 601 4652 p'ost
617 4567 735 4633 iestum
753 4569 936 4656 Epiphanio
945 4574 1076 4642 Domini
1086 4597 1172 4645 anno
1183 4575 1332 4646 ciusdem
1352 4574 1496 4646 millesimo
