3234 5194
605 372 763 470 A

63 567 74 586 ·’
112 568 151 634 de
165 567 292 651 Pacha,
310 567 453 654 Symonc
467 566 510 633 de
525 564 671 652 Zemlyn,
694 565 832 633 Nicolao
848 565 890 632 de
907 563 1042 646 Borsua,
1059 561 1188 647 llgidyo
1204 533 1265 630 (1οἱ

112 676 206 760 an,
224 675 402 744 Dominieo
417 675 458 743 de
473 674 592 742 Hewes
607 671 864 758 Archidiaoonis,
882 677 914 740 et
925 672 1002 760 alijs
1019 668 1246 738 multis'hnno

112 784 242 850 Domini
259 781 384 850 ΜὈΟο
407 780 621 864 nonagesimo
644 780 759 866 primo.
776 782 945 864 Regnante
970 776 1102 844 Andrea
1128 775 1244 842 illustri

81 932 83 940 ι
112 889 199 973 Rege
213 888 401 974 Hungarie,
427 886 622 954 Lodomerio
647 885 873 970 strigoniensi,
900 883 1052 952 Johanne
1077 881 1245 950 colocensi

95 980 389 1082 'Archiepiscopia
405 1003 438 1062 et
453 993 585 1061 domino
600 1001 709 1061 nostro
724 991 906 1061 venerabili
921 996 1011 1076 prtre
1025 988 1157 1054 Andrea
1181 987 1244 1054 Dei

113 1104 224 1186 gracia
239 1105 410 1190 Episcopo
425 1101 578 1186 Agriensi
588 1099 812 1169 existentibus.

125 1301 250 1352 &edetis
267 1295 447 1366 bdrhartyln,
461 1298 578 1364 melyrdl
591 1299 758 1363 ibolyasaind
783 1292 1009 1362 selyemzsindren
1024 1308 1041 1344 a
1054 1291 1147 1361 pecsdt
1159 1293 1244 1359 idgg:

418 1401 436 1436 a
447 1386 530 1438 budai
544 1387 595 1440 kir.
609 1387 732 1438 hamarai
757 1381 946 1448 levdltdrhan.)

645 2187 701 2254 42.

118 2383 442 2472 dazdheefehe'rodri
456 2385 683 2470 kdptalcuuole
699 2384 975 2470 hizouyedpleoele,
1001 2383 1086 2468 hopy
1112 2377 1243 2445 Arnold

118 2503 223 2559 νησαίαν
237 2495 437 2578 Nurutyoch
454 2496 486 2559 de
501 2493 707 2558 lodokotelloi
729 2501 810 2557 neoti
835 2491 1008 2577 joozdpait,
1033 2487 1150 2572 malpel
1175 2483 1241 2550 Ηα-

32 2623 33 2626 ’
122 2598 191 2665 hold
215 2601 377 2668 eomcunek
409 2601 517 2665 voleat
540 2599 775 2685 olzdloqouo'toe,
794 2599 913 2683 fidaok
938 2598 1050 2663 lutecia
1075 2591 1241 2660 mecteruelc

562 2706 679 2788 uaoja.
697 2705 794 2771 1291.

222 2919 411 3004 Capitulum
428 2919 572 2986 Ecclesia
587 2917 739 2985 Albensie
764 2917 914 2985 omnibus
940 2914 1058 2982 Christi
1084 2914 1236 2982 fidelihus

120 3035 281 3108 presentes
295 3027 422 3094 litteras
438 3027 632 3112 inspecturis
649 3026 787 3092 salutem
803 3027 837 3091 in
854 3044 903 3110 eo,
921 3024 976 3107 qui
991 3031 1040 3090 est
1058 3023 1149 3090 salus
1174 3041 1239 3088 om-

121 3130 210 3197 nium.
225 3132 341 3201 Solent
357 3133 487 3218 seriptis
502 3133 618 3219 redigy
634 3135 724 3200 iacta
739 3135 933 3217 mortalium,
960 3152 1000 3198 ne
1026 3131 1240 3197 diuturnitate

31 3297 32 3302 ,
123 3243 271 3325 temporis
286 3243 319 3307 in
336 3240 468 3307 dubium
480 3241 755 3328 reuocentur3vel
766 3240 966 3323 uteaquciu
984 3245 1126 3325 tempore
1138 3256 1238 3321 agun-

31 3391 32 3398 κ
122 3348 177 3426 tur,
191 3368 232 3414 ue
248 3367 322 3413 cnm
338 3333 482 3434 tempore
498 3347 641 3415 defluant
651 3355 683 3415 et
698 3349 863 3435 labantur,
875 3347 918 3414 ad
928 3345 1109 3413 eauthelam
1123 3343 1235 3428 scripti

121 3452 214 3518 uolent
227 3455 412 3540 patrocinio
437 3455 637 3522 communiri.
654 3456 705 3521 Ad
721 3457 945 3522 uniuersorum
970 3455 1070 3538 igitur
1081 3450 1236 3519 noticiam

123 3560 221 3626 tenore
236 3561 439 3646 presencium
456 3565 605 3629 uolumus
621 3564 810 3647 peruenire:
828 3562 916 3645 quod
935 3561 1119 3629 constitutis
1131 3578 1236 3625 eoram

122 3664 205 3732 nohis
219 3666 378 3751 Magistro
403 3668 547 3736 Arnoldo
572 3667 637 3735 lilio
662 3668 795 3736 Comitis
819 3667 964 3754 Arnoldy
989 3667 1031 3734 ab
1047 3687 1110 3733 una
1132 3671 1234 3751 parte,

31 3767 32 3772 ’
124 3767 272 3856 llugistro
287 3775 455 3858 Stephano
471 3775 537 3843 filio
553 3773 686 3842 Comitis
702 3774 857 3863 Haholdy
874 3797 914 3843 ex
929 3776 1054 3842 altera:
1071 3773 1156 3840 idem
1173 3774 1238 3838 Ma·

31 3901 37 3915 ·
126 3876 216 3960 gister
230 3881 397 3948 Arnoldus
414 3883 497 3949 duas
514 3889 618 3951 terras
634 3903 692 3950 seu
706 3883 932 3969 possessiones
948 3903 1025 3950 suas
1049 3878 1237 3965 Naratyneh

125 3989 152 4046 et
164 3985 429 4072 lvankatheluhy
445 3999 658 4076 nuncupatus,
677 3991 793 4075 quibus
809 3992 851 4058 ab
867 3992 1028 4076 aquilone,
1043 3991 1084 4056 ab
1100 3989 1237 4072 oriente,

126 4093 152 4153 et
165 4109 184 4156 a
196 4093 330 4161 meridie
345 4095 509 4182 predictus
525 4098 680 4182 Magister
705 4099 890 4182 Stephanus
917 4102 1134 4180 commetietur,
1164 4113 1235 4161 cum

31 4237 32 4240 =
127 4201 262 4268 omnihus
272 4203 468 4271 utilitatibus
478 4206 557 4289 suis,
570 4225 640 4271 cum
652 4205 853 4273 dimidietate
862 4206 952 4292 fluuij
965 4208 1057 4272 Mure
1069 4211 1101 4269 et
1110 4199 1234 4285 tributi,

126 4297 343 4388 indignacione
360 4309 518 4396 Stephani
534 4313 633 4396 Regis
650 4315 693 4380 ud
709 4312 839 4382 eosdem
864 4315 1033 4391 existente,
1051 4332 1108 4397 per
1132 4309 1237 4396 Nyso·

126 4402 201 4477 laum
216 4414 317 4482 lilium
335 4415 469 4483 Comitis
486 4419 634 4506 Arnoldy
651 4422 783 4487 fratrem
809 4420 953 4489 eiusdem
977 4441 1035 4505 pro
1064 4419 1238 4502 sexaginta

31 4575 33 4584 ,
127 4519 227 4588 marcis
242 4523 378 4608 plenae
404 4521 527 4592 Comite
543 4527 693 4594 Hoholdo
710 4527 829 4595 habitis
855 4535 887 4592 ct
913 4527 1063 4614 receptis,
1088 4527 1152 4613 ipsi
1178 4523 1238 4594 (io-

31 4651 33 4688 t
127 4619 184 4690 mili
199 4628 349 4699 Haholdo
364 4630 447 4717 patri
474 4633 617 4701 eiusdem
643 4635 791 4719 Magistri
816 4635 974 4722 Stephani
999 4637 1129 4721 pignori
1155 4635 1234 4702 ohli-
