3180 5202
600 378 761 476 *aaa*

1 632 2 637 ,
108 561 219 656 castri,
237 569 384 658 hospites
400 575 592 659 castrenses,
610 570 789 640 udwornici
806 579 839 640 ct
853 571 964 660 populi
975 569 1247 658 domiueRegine·

107 675 299 745 Parcasium
317 675 377 765 (et)
394 679 497 747 Keled
510 679 597 746 filios
606 677 727 765 Keled,
739 687 772 747 et
782 679 865 747 duos
875 681 1048 747 seruitores
1065 680 1247 747 eorundem

107 785 231 872 Elyam
247 791 279 851 et
295 785 388 855 Ylias
403 785 491 854 iures
507 784 667 872 dixeruut;
686 795 719 853 et
735 787 794 872 filij
812 787 921 856 Wbed
947 786 1135 873 specialiter
1150 786 1242 854 dixe·

108 900 196 980 runt,
213 892 300 977 quod
317 892 473 962 haberent
488 893 614 962 litteras
629 893 780 978 Magistri
795 892 965 961 Benedicti
980 913 1078 980 super
1094 914 1143 980 eo,
1154 891 1241 977 quod

110 1018 222 1068 coram
238 999 309 1086 ipso
325 1001 466 1070 luissent
481 1001 566 1068 idem
597 1001 786 1089 Farcasius,
804 1001 909 1068 Kelcd
925 1008 958 1068 et
983 1001 1156 1070 seruitorcs
1189 987 1241 1068 sui

1 1129 2 1132 ’
110 1107 263 1177 conuicti.
281 1109 373 1182 Vnde
389 1130 449 1178 nos
465 1129 576 1177 coram
592 1111 680 1178 omni
696 1111 819 1196 populo
834 1109 985 1178 sedentes
1017 1112 1051 1176 in
1082 1107 1246 1176 tribunali

1 1253 2 1256 π
108 1217 328 1304 precepimus,
346 1218 430 1300 quod
447 1217 475 1285 si
490 1217 594 1285 iustos
610 1237 646 1286 se
663 1239 735 1287 esse
749 1219 866 1307 sciunt,
877 1215 1251 1305 compareantsecuuda

107 1321 195 1391 teria
209 1332 282 1408 post
298 1337 434 1393 octauas
449 1323 641 1392 Natiuitatis
658 1325 795 1392 Domini
821 1345 930 1394 coram
945 1323 1039 1394 nobis
1071 1331 1103 1392 et
1133 1322 1240 1408 Magi·

1 1446 2 1453 ’
110 1438 182 1497 stro
198 1429 384 1519 Benedictc,
399 1451 435 1498 sc
455 1433 485 1498 si
502 1433 627 1518 possint
643 1432 833 1518 purgaturi3
852 1431 1244 1520 alioquin2dececeroeas·

110 1537 186 1604 dem
201 1535 287 1626 (igy)
304 1538 459 1606 faciemus
475 1539 679 1624 proclamari.
696 1540 818 1607 Datum
833 1541 868 1606 in
884 1546 991 1607 castro
1007 1540 1126 1606 Ferreo
1142 1537 1176 1603 in
1192 1539 1240 1603 vi-

1 1663 3 1669 *
110 1645 197 1730 gilia
213 1645 337 1715 'rhome
352 1645 512 1732 Apostoli.

222 1754 376 1826 Hatul:
395 1755 516 1822 Contra
532 1753 615 1820 filios
632 1752 737 1820 Kcled
748 1760 781 1821 et
789 1775 865 1822 suos
878 1753 967 1821 fures
976 1774 1035 1841 pro
1047 1753 1123 1838 olijs
1132 1750 1250 1819 Wbct..

1 1955 2 1958 ’
112 1947 254 2015 (Eradctie
272 1947 448 2016 borhtrtytn,
461 1950 588 2016 melynok
608 1946 694 2003 stetu
714 1965 747 2002 aa
767 1952 823 2002 oda
840 1959 964 2018 uyomott
991 1947 1249 2018 peosttmaradvt·

1 2039 2 2042 ’
221 2042 288 2105 nyai
306 2038 367 2107 mdg
397 2039 588 2106 mcgvaunak3
608 2055 626 2091 a
637 2055 725 2092 nemu.
746 2055 870 2091 muscum
883 2037 1130 2105 kdairattdrdbau.)

651 2747 729 2815 325.

1 2905 2 2908 ¹
115 2941 364 3026 Torvtoylatai
378 2944 557 3027 hato'rozot,
573 2944 655 3029 moly
673 2945 756 3008 altat
771 2965 811 3008 aa
827 2945 974 3010 Ebednek
982 2947 1049 3029 fiai
1064 2949 1095 3012 co
1112 2947 1246 3014 Pentele

1 3031 2 3100 Ῑ
244 3049 456 3136 kdztipecbea
472 3053 511 3136 cj
525 3052 688 3137 batdrnap
704 3049 897 3137 ltijctbltctr'lc.
914 3031 1108 3120 ΜΠ.
1145 3061 1277 3202 326}
1290 3061 1408 3223 ΜΒ
1538 3101 1541 3113 ,

1 3321 2 3352 3
223 3247 328 3315 Datur
343 3267 402 3332 pro
418 3246 583 3313 memoria.
603 3247 691 3332 quod
714 3245 793 3314 licet
830 3243 953 3314 iactum
983 3244 1120 3314 filioram
1149 3247 1243 3316 Ebed

1 3361 3 3440 ξ
113 3353 201 3438 qnod
216 3352 336 3420 habent
350 3373 424 3420 cum
440 3352 574 3438 Poniolr,
591 3353 794 3423 ordinacioni
809 3358 842 3421 et
867 3353 1027 3422 decisioni
1042 3355 1249 3424 venerabilis

0 3521 1 3524 ,
112 3461 217 3546 patris
232 3459 269 3527 P.
285 3460 438 3548 Episcopi
454 3459 706 3547 vesprimiensis
721 3459 796 3530 aule
811 3459 941 3528 domine
955 3462 1079 3547 Regina
1111 3458 1245 3530 (lancel-

114 3567 197 3654 larij,
216 3575 248 3636 et
263 3567 414 3654 Magistri
431 3569 489 3636 (lh.
506 3567 639 3636 Comitis
656 3567 864 3636 Zaladicnsis
881 3567 972 3654 prius
989 3553 1243 3654 comisissc'mus3

113 3679 225 3742 amen
241 3675 329 3759 quod
344 3673 443 3759 ijdem
458 3677 606 3743 Berones
620 3677 797 3744 terminare
811 3695 877 3743 non
892 3681 1075 3762 potuerunt,
1092 3683 1124 3744 et
1156 3675 1236 3746 dicti

1 3789 2 3818 l
115 3783 175 3868 filij
190 3783 282 3851 Ebed
296 3789 429 3869 propter
445 3783 597 3852 diuersas
612 3783 762 3869 insidias,
779 3803 860 3869 quas
875 3783 938 3851 sibi
970 3803 1028 3868 per
1059 3784 1251 3867 generacio--

114 3909 188 3957 nem
205 3891 247 3957 de
262 3891 384 3958 Ponich
400 3890 525 3972 positas
541 3910 614 3959 esse
631 3890 791 3978 dixerunt,
808 3890 853 3957 ad
868 3889 1072 3975 presenciam
1087 3889 1246 3958 dictorum

114 3997 276 4066 Beronum
291 3996 398 4066 redire
412 4019 510 4086 super
525 4001 598 4087 ipso
614 3999 700 4067 facto
716 4019 781 4066 nou
797 3995 972 4084 audebant,
989 3997 1075 4064 dicto
1106 3997 1240 4085 Ponich,

113 4112 267 4188 presente
282 4105 413 4175 homine
427 4127 486 4178 suo
508 4107 642 4175 Nicolac
659 4106 700 4172 de
716 4104 816 4194 Ollar,
842 4125 944 4202 quem·
967 4101 1011 4172 ad
1043 4105 1249 4191 presenciam

113 4217 257 4279 nostram
273 4212 316 4278 ad
333 4220 466 4281 octaaas
482 4212 642 4281 Johannis
658 4212 806 4300 Baptista
823 4217 937 4280 contra
952 4211 1038 4278 tilios
1063 4211 1156 4277 Ebed
1186 4211 1250 4277 mi·-

114 4325 212 4410 serat,
230 4326 262 4388 ct
277 4320 359 4407 ipsis
374 4321 453 4408 filijs
469 4321 562 4391 Ebed
577 4321 819 4406 assignauimus
834 4339 892 4405 pro
909 4319 1047 4386 termino
1062 4325 1241 4404 perempto·

0 4480 1 4483 ,
113 4425 162 4493 rio
179 4446 287 4494 coram
303 4428 398 4496 nobis
415 4427 627 4514 comparendi
643 4435 777 4496 octauas
793 4425 985 4494 Natiuitatis
1009 4425 1111 4491 Beate
1140 4423 1246 4510 Virgi-

113 4533 177 4619 nis,
208 4539 245 4600 ut
260 4540 336 4602 tuno
351 4535 438 4604 idem
454 4535 578 4603 Ponich
603 4535 786 4604 omnimode
801 4541 989 4640 compareat
1019 4537 1133 4599 contra
1163 4531 1254 4600 filios

112 4639 216 4728 llbed,
232 4640 405 4732 dilacione,
421 4642 591 4714 occasione
606 4652 638 4714 et
654 4645 850 4730 excepcione
866 4641 1062 4727 quibuslibet
1080 4639 1254 4724 relegatis.
