3124 5194
854 340 918 428 tid

320 557 444 624 struto
460 573 641 623 assensum.
657 556 699 620 Et
716 552 760 620 ad
775 553 933 622 maiorem
949 553 1134 623 firmitatem
1150 554 1370 642 predictorum
1377 547 1454 623 Nos
1556 637 1557 640 Ἴ

322 683 416 730 omne
427 664 493 750 jus,
511 662 597 750 quod
614 665 648 730 in
664 662 762 729 dictis
778 661 994 731 Oomitatibus
1010 683 1069 730 seu
1085 667 1179 732 terris
1203 662 1389 747 Andegauie
1418 671 1454 730 et

324 769 534 858 Cenomanis,
550 791 590 838 sc
606 791 715 837 eorum
732 767 943 853 pertinencijs
968 777 1002 836 ct
1027 769 1228 857 adiacencijs
1253 771 1372 840 habere
1395 773 1456 840 uel

323 883 432 963 petere
447 898 615 964 possemus
631 879 665 943 iu
680 879 824 944 futurum
841 897 1037 959 quacunque
1052 877 1184 944 racione
1199 897 1259 945 seu
1274 898 1384 964 causa,
1406 882 1455 947 ti·

321 983 391 1050 tulo
407 986 459 1052 vcl
475 985 580 1070 modo,
596 1003 752 1068 expresse
768 991 799 1051 ct
815 1004 873 1071 per
888 989 1032 1070 pactum,
1050 1007 1091 1053 ex
1116 993 1206 1052 certa
1230 987 1386 1070 sciencia,
1398 1007 1452 1054 re·

324 1091 488 1158 mictimus
503 1099 537 1158 et
551 1091 725 1176 quitumus,
743 1111 783 1155 ac
798 1091 920 1158 eisdem
931 1091 1061 1177 Juribus
1073 1091 1297 1161 renuntiamus
1311 1096 1455 1162 omnino.

324 1199 559 1266 Promictentcs
573 1200 660 1266 bona
676 1199 740 1268 fide
756 1205 789 1265 et
805 1219 846 1267 ex
863 1207 971 1285 puoto,
985 1221 1045 1268 nos
1061 1209 1175 1268 contra
1192 1201 1358 1288 predictas
1383 1202 1453 1286 qui·

325 1307 482 1375 tationem
499 1313 532 1373 ct
546 1308 826 1375 renunciationem
842 1327 901 1393 per
916 1328 977 1375 uos
994 1308 1046 1375 sel
1072 1308 1173 1374 ulium
1199 1308 1233 1374 in
1259 1317 1456 1395 perpetuum

324 1433 390 1481 non
406 1414 527 1500 uenire,
543 1433 665 1498 uosque
681 1415 714 1481 iu
740 1415 894 1502 predictis
919 1414 1136 1482 comitatibus
1162 1419 1195 1481 et
1221 1435 1333 1482 eorum
1359 1419 1458 1502 perti·

325 1523 447 1606 uentijs
461 1521 561 1588 nichil
573 1523 660 1606 juris
676 1521 717 1590 da
732 1529 840 1588 cetero
855 1521 1045 1607 reclamare,
1061 1541 1120 1589 seu
1136 1521 1243 1590 facere
1266 1543 1328 1608 per
1354 1524 1457 1589 alium

326 1631 509 1713 reclamari,
523 1649 583 1695 uos
600 1637 633 1696 et
649 1637 771 1716 nostra,
788 1629 991 1714 heredesque
1008 1635 1139 1697 nostros
1166 1627 1210 1695 ad
1234 1629 1455 1716 predictorum

326 1737 587 1804 obseruationem
604 1735 776 1803 efficaciter
800 1735 996 1818 obligantes.
1022 1738 1240 1803 Rescruamus
1265 1743 1377 1802 tamen
1404 1757 1457 1803 cx-

329 1864 441 1931 presse
467 1845 561 1910 nobis
589 1849 622 1910 et
646 1843 766 1911 nostris
790 1843 973 1930 heredibus,
1000 1843 1088 1928 quod
1111 1865 1170 1931 per
1194 1843 1379 1912 huiusmodi
1405 1865 1457 1910 no-

325 1959 425 2019 strum
451 1972 639 2036 assensum,
665 1951 900 2038 remissionem,
933 1952 1147 2034 quitationem
1163 1960 1196 2019 ct
1217 1953 1365 2019 reuuutis
1396 1952 1456 2018 co-

327 2059 506 2148 tiationcnr,
522 2061 557 2126 iu
574 2060 641 2127 iure
657 2060 852 2145 competenti
868 2061 963 2126 nobis
979 2066 1037 2127 aut
1054 2059 1267 2146 competituro
1285 2059 1321 2125 in
1346 2058 1455 2144 presa·

327 2167 495 2234 mitstibus
526 2187 567 2233 cx
598 2168 702 2252 pactis
727 2167 798 2234 siue
831 2167 1100 2236 conuentiouibus
1135 2166 1350 2253 supradictis,
1382 2165 1452 2232 nul-

328 2274 395 2340 lum
422 2273 517 2340 nobis
545 2281 602 2340 aut
626 2273 749 2341 eisdem
775 2275 897 2342 uostris
922 2274 1095 2341 heredibus
1119 2274 1335 2360 preiudicium
1361 2294 1458 2358 geue

327 2388 422 2449 retur.
440 2380 478 2446 ln
494 2401 627 2464 qnorum
644 2384 790 2449 omnium
805 2382 1025 2448 testimonium
1041 2383 1248 2466 presentibus
1263 2382 1381 2448 litteris
1396 2403 1452 2446 uo

327 2497 428 2556 strum
443 2487 577 2556 terimus
593 2489 712 2576 apponi
728 2488 884 2573 sigillum.
902 2491 1020 2555 Datum
1047 2489 1185 2575 Neapoli
1211 2511 1297 2558 auno
1322 2489 1456 2558 Domini

329 2596 501 2664 millesimo
518 2597 739 2665 duccntcsimo
763 2597 975 2681 nonagesimo
1001 2599 1114 2682 quinto
1139 2595 1193 2664 die
1218 2596 1372 2665 vicesimo
1406 2616 1456 2664 oc-

329 2709 407 2772 tauo
423 2705 522 2790 Jonij,
538 2711 653 2773 octaue
668 2705 866 2796 indictionis,
882 2706 987 2790 Regni
1003 2705 1105 2773 nostri
1120 2724 1207 2772 anno
1222 2713 1348 2790 quarto.

331 2899 469 2966 (Eredstis
481 2899 656 2970 bdrhrirtyin,
673 2904 788 2972 melyrdl
800 2922 818 2959 u
831 2906 921 2958 kettds
934 2899 1029 2972 pecstt
1050 2899 1224 2970 striis-adme
1233 2900 1460 2968 astysmuindrou

330 2991 413 3059 mm
426 3007 443 3044 a
464 2994 584 3046 franceis
598 2992 771 3062 trostdrsasdg
784 2991 870 3063 ptrisi
879 2991 1161 3048 ditantes-tithicam
1175 2997 1199 3046 Δ
1212 2992 1360 3061 pscsdtnsk
1373 2993 1459 3059 egyik

330 3078 440 3133 otdrltn
454 3082 562 3134 Martsll
576 3082 736 3150 Kdrolpnak
750 3085 841 3138 trdrou
854 3085 901 3137 tito
928 3085 1023 3149 alakjs
1037 3085 1117 3136 kurul
1130 3096 1147 3133 a
1160 3080 1297 3138 selirdsbdl
1311 3109 1360 3146 ,-
1374 3111 1407 3120 -
1428 3105 1460 3124 -·

331 3169 522 3228 HUNGARIE
535 3174 726 3226 DALMATOE
739 3175 901 3229 eROATrr:
915 3175 1017 3227 linum
1029 3175 1162 3227 SERVIE
1186 3173 1362 3228 GALLIOIE
1384 3173 1458 3224 Lon

332 3285 364 3298 ·-
376 3287 410 3301 ·-
422 3289 459 3302 -
469 3261 505 3318 “a
517 3263 604 3318 misik
618 3263 725 3318 oldaidn
738 3283 755 3318 a
778 3253 866 3318 seiros
879 3260 994 3336 teneaat}
1007 3265 1141 3317 seruth·
1151 3291 1188 3303 -
1197 3291 1231 3302 -
1244 3263 1330 3315 sels
1344 3263 1458 3314 IERLH

366 3349 414 3402 m·
427 3379 460 3393 -
474 3378 508 3394 -·
522 3381 555 3394 -·
565 3355 693 3419 QVINTI
705 3355 887 3409 STEPHANI
898 3354 1006 3408 REGIS
1016 3382 1049 3398 -
1063 3383 1095 3394 -·
1108 3355 1163 3396 -'
1177 3351 1239 3422 meg
1250 3351 1414 3419 olvusitatd.)
