3146 5192
538 469 608 476 ...-
610 467 696 476 .....

62 577 181 664 ylicem
199 581 233 640 et
250 575 297 643 ibi
313 575 415 640 eciam
433 574 495 638 dne
511 577 595 640 mete
610 577 686 640 sunt
703 571 843 648 insonse3
859 571 979 638 abinde
994 573 1182 656 peruenitur

66 685 103 752 ad
132 682 288 750 uerticem
319 683 487 750 cniusdam
520 682 628 766 vallis,
669 687 701 748 et
731 679 852 747 ibidem
887 679 921 746 in
963 679 1087 746 uertice
1124 681 1183 746 sub

51 795 166 875 ,warbore
181 791 294 877 yiieis,
311 811 351 857 ac
367 790 470 858 eciam
487 789 548 856 snb
558 790 673 856 arbore
689 788 820 855 sorbelli
839 787 984 872 exgresti
1000 784 1032 874 (i
1043 785 1181 874 agresti)

63 906 129 967 sunt
143 899 207 966 dne
239 905 325 964 mete
341 897 495 964 similiter
526 895 693 981 ordinat03
726 904 759 962 et
774 893 822 961 sic
848 915 904 980 per
928 894 1068 961 medinm
1093 894 1181 960 illius

64 1007 149 1073 vallis
164 1003 396 1072 descendendo
413 1002 502 1070 venit
526 1003 569 1069 ad
595 1002 760 1086 quandem
786 1003 935 1068 arborem
950 999 1069 1066 kercus
1096 1001 1183 1068 simi·

65 1115 128 1180 liter
143 1113 274 1180 duabus
289 1113 383 1178 metis
400 1109 601 1178 circumdato
618 1107 725 1197 (igy);
753 1107 871 1176 dehinc
896 1115 1003 1175 autern
1019 1107 1183 1194 progredi-

61 1227 107 1287 tur
120 1220 161 1286 ad
177 1228 298 1286 metam
316 1227 420 1287 terreo
436 1217 504 1284 Och
520 1217 697 1298 nominate,
713 1217 810 1284 etsie
826 1215 964 1301 pacifice
980 1217 1182 1283 terminatur.

63 1329 209 1394 Preterea
227 1327 333 1394 eciam
350 1327 527 1409 obligatum
545 1331 595 1392 est
619 1325 703 1392 inter
720 1329 852 1410 partes,
885 1323 1013 1408 quodsi
1032 1343 1096 1406 qna
1112 1342 1183 1410 par-

48 1426 140 1504 ¹trium
153 1457 258 1522 anper
272 1436 438 1522 premissis
456 1434 622 1521 articulis,
639 1441 671 1500 et
696 1433 884 1520 specialiter
910 1453 1008 1518 snper
1038 1433 1182 1518 assigna·

64 1546 147 1610 eicne
162 1550 195 1610 et
212 1544 374 1611 diuisione
390 1551 542 1609 terrarum
570 1549 740 1626 metarum,
764 1547 879 1608 contra
897 1547 1022 1626 partem
1046 1543 1185 1609 alteram

67 1651 148 1717 litem
164 1659 362 1736 attemptare
377 1651 621 1737 presumpserit,
638 1651 691 1716 nel
712 1671 768 1734 per
784 1650 909 1734 aliquos
925 1655 1082 1732 cognatos
1098 1671 1184 1737 suos,

44 1823 45 1826 ,
67 1779 116 1824 sen
133 1761 369 1842 generaciones
401 1779 477 1826 snas
510 1759 600 1826 litem
618 1759 747 1826 incitari
764 1757 895 1841 fecerit,
929 1757 983 1853 uel
999 1759 1185 1840 questiones

69 1870 180 1932 moneri
198 1867 400 1950 permiserit:
416 1867 546 1932 amissis
563 1867 713 1932 omnibns
723 1864 817 1932 bonis
833 1866 908 1951 suis,
919 1871 1031 1952 utpote
1047 1865 1184 1952 calump-

49 1973 165 2039 ¹niutor
180 1975 327 2040 notorius
344 1994 429 2059 pena
444 1973 553 2042 debita
569 1973 730 2058 puniatur.
748 1973 785 2038 In
802 1972 892 2039 cuins
908 1973 955 2039 rei
968 1972 1185 2058 (memoriam)

71 2079 308 2165 firmitatemque
333 2093 521 2168 perpetuam
552 2080 595 2147 ad
622 2081 816 2148 instanciam
842 2083 987 2166 parcium
1018 2085 1186 2166 vtriosqne

46 2216 48 2219 ·
72 2185 147 2274 (tay)
165 2193 312 2274 partibus
329 2201 360 2256 et
373 2211 503 2258 snorum
524 2189 698 2258 heredibus
727 2189 945 2273 heredumque
971 2211 1101 2258 suornm
1118 2213 1186 2260 suc-

72 2297 245 2364 cessoribus
260 2306 428 2385 presentes
455 2299 674 2366 concessimus
698 2299 797 2382 sigilli
829 2299 930 2365 nostn'
948 2301 1123 2366 munimine
1138 2322 1186 2366 ro·

45 2401 49 2457 }
72 2403 203 2474 iteratas.
239 2407 359 2474 Datum
391 2415 424 2473 et
438 2415 546 2474 actum
572 2409 605 2472 in
629 2397 711 2474 feste
730 2407 975 2476 Purifieacionis
999 2409 1101 2476 Beate
1121 2409 1187 2474 Vir·

71 2512 145 2592 ginis
161 2535 249 2582 anno
265 2516 397 2584 Domini
413 2516 586 2583 millesimo
603 2514 672 2582 00⁰
691 2513 901 2600 nonagesimo
917 2535 1010 2582 nono.

50 2762 54 2773 Ι
74 2691 174 2764 (Ugyen
188 2712 206 2748 a
219 2693 345 2748 zelariri
359 2697 538 2748 kenrentoek
554 2700 631 2752 teta.
647 2700 735 2763 ,teria
744 2697 864 2749 secunda
876 2701 1000 2764 proxima
1013 2707 1077 2750 ante
1090 2700 1159 2751 festu
1171 2723 1186 2752 u

73 2781 221 2838 Natiuitatis
239 2787 324 2838 Beate
336 2785 465 2852 Gloriose
476 2787 615 2852 Virginis*
631 2787 791 2850 „Johannes
813 2787 885 2838 filins
895 2788 975 2838 Pauli
993 2787 1045 2850 filij
1061 2789 1186 2852 Kcnysni

73 2871 341 2927 denenozennbtlto
366 2891 399 2924 ac
425 2875 572 2928 Lndizlans
596 2877 667 2928 filius
692 2877 811 2928 eiusdem
835 2905 867 2914 -
883 2891 977 2942 —pro
991 2875 1056 2940 fllijs
1071 2875 1185 2927 condam

73 2959 187 3026 Magistri
199 2965 338 3018 Johsnnis
364 2964 412 3029 filij
427 2965 573 3030 Laurencij
600 2967 633 3017 de
651 2962 771 3018 Ksniaa“
785 2964 981 3028 alitterjeeztett
1007 2964 1130 3016 kerestre
1144 2964 1189 3016 ke·

236 3055 308 3106 szttlt
320 3051 482 3118 ttratabth
498 3071 515 3106 a
526 3055 608 3108 budsi
621 3057 674 3110 kir.
688 3057 811 3108 lrnrzersi
825 3051 1014 3118 lertlttrban.)

494 3353 708 3368 m

547 3739 622 3808 240.

44 3925 45 3928 ¹
78 3928 248 4023 &moyam
262 3944 357 4004 occos
373 3941 597 4024 tamoopo‘oat
613 3917 888 4026 otzonysepteoete,
903 3945 983 4030 kopp
999 3941 1106 4009 Ktoer
1137 3943 1194 4008 Ta·

77 4045 137 4105 aes
151 4043 313 4112 keroekedc
328 4047 519 4133 etzotoqitoa
546 4049 653 4112 hdzait
678 4073 699 4113 o
724 4051 926 4137 zdloyiisszeq
942 4051 1075 4136 sejebea
1099 4051 1193 4136 tselaj-

185 4155 282 4219 doaol
297 4155 461 4242 oteopedte
477 4177 514 4218 oz
530 4159 709 4243 eszteryomi
729 4157 957 4246 kdptalaaaoh.
977 4158 1072 4226 1299.

171 4351 288 4418 Comes
321 4351 507 4437 Stephanus
537 4349 654 4438 Jndex,
686 4350 801 4419 Comes
841 4351 1000 4441 Philipus,
1045 4353 1195 4440 Gyletns,

45 4501 46 4508 κ
79 4447 204 4543 Pascha,
222 4457 386 4545 Gerletns,
411 4459 596 4540 walterius,
621 4459 835 4546 Frankyrius,
863 4461 1000 4546 Gyletus
1024 4455 1194 4546 mereator,

44 4553 45 4556 '
80 4552 181 4644 Geyan
196 4565 281 4632 filius
297 4565 456 4650 Mauricij‚
475 4567 587 4634 Petrus
604 4567 688 4633 tilius
714 4567 895 4655 Gekmerij,
922 4568 1098 4635 Ladizlaus
1123 4589 1195 4654 par·

50 4694 54 4705 ·
80 4679 139 4758 tut,
155 4671 310 4742 Nicotaus
325 4674 411 4742 tilios
438 4673 564 4762 Rubini,
582 4681 615 4741 et
630 4675 819 4744 Dominicus
835 4675 921 4744 filins
947 4677 1055 4746 Oheen
1079 4675 1195 4758 Jurati,
