3234 5194
685 362 729 424 59

137 555 247 622 chium
262 555 384 622 socium
403 560 435 618 et
452 557 703 622 concanonicum
721 563 864 622 nostrum
881 557 1028 623 misimus
1042 575 1102 642 pro
1128 557 1265 626 testimo

135 665 191 730 nio
207 663 282 747 3qui
297 662 427 729 demum
438 662 482 732 ad
497 683 555 730 nos
571 665 743 733 redeuntes
758 665 851 732 nobis
863 665 1064 732 concorditer
1075 665 1266 754 retulerunt,

135 771 225 855 quod
258 770 435 856 predictam
470 777 588 838 terram
624 773 748 840 Iuanch
784 775 989 860 presentibus
1015 777 1270 844 commetanncis

134 879 204 944 suis
221 885 255 944 et
270 877 387 944 uicinis
404 878 673 966 reambulassent,
690 879 780 946 iuxta
796 887 923 947 ueteres
948 885 1050 948 metas
1075 899 1180 949 nouas
1207 881 1267 948 eri·

133 985 254 1073 gendo,
272 985 516 1054 constituissent
532 986 676 1054 discreto
690 988 760 1055 viro
776 988 933 1071 Magistro
949 987 1123 1055 Theodoro
1150 989 1268 1076 Propo·

134 1095 198 1162 sito
216 1093 364 1160 Ecclesia
378 1092 544 1180 Albensis,
561 1093 638 1162 aule
655 1094 798 1164 [ilustris
825 1095 923 1177 Regis
939 1094 1108 1161 karissimi
1134 1115 1266 1163 consor·

132 1201 174 1268 tis
191 1201 295 1268 nostri
310 1199 587 1284 Uicccuncellario
605 1209 637 1268 ct
653 1201 808 1268 fratribus
825 1201 977 1286 eiusdem,
997 1203 1124 1269 nemine
1142 1210 1267 1270 contra·

133 1307 259 1376 dictare
285 1310 456 1376 existente.
482 1308 581 1375 Cuius
608 1309 737 1393 quidem
762 1317 847 1378 terre
872 1316 975 1375 metas
991 1309 1100 1376 taliter
1110 1307 1264 1378 distinxe-

19 1491 21 1496 ⁸
134 1424 229 1502 ruut;
243 1417 331 1502 quod
347 1438 368 1482 a
383 1423 475 1503 parte
486 1417 743 1502 septemtrionali
753 1418 841 1484 eirca
851 1425 970 1484 terram
982 1417 1113 1503 Georgij
1124 1417 1262 1487 ctInata

130 1531 207 1592 sunt
223 1524 288 1592 due
304 1532 389 1591 mete
407 1532 526 1608 terrce;
545 1523 661 1591 deinde
676 1524 767 1592 uadit
785 1545 899 1592 uersus
924 1532 1049 1611 partem
1075 1526 1265 1593 orientalem
1307 1528 1311 1536 ’

19 1681 20 1684 ,
131 1631 322 1700 transiendo
347 1632 535 1698 Danubium
576 1632 619 1698 ad
646 1631 790 1699 insulam
815 1631 1078 1718 Ioaucbaygetbe
1103 1639 1264 1718 uocatam,

133 1740 188 1806 obi
205 1747 283 1806 sunt
300 1737 362 1805 due
389 1747 491 1824 mete;
517 1738 635 1804 deinde
661 1738 867 1824 progreditur
892 1739 933 1806 ad
962 1738 1159 1820 Gerasiuen3
1185 1737 1265 1806 inde

19 1889 22 1922 e
91 1889 93 1896 ·
132 1867 209 1913 uero
226 1847 319 1913 uadit
350 1847 394 1912 ad
417 1844 603 1914 Danubium
628 1845 745 1931 Regis3
772 1846 890 1914 deinde
915 1845 1006 1912 uadit
1030 1843 1074 1912 ad
1098 1845 1262 1930 Fasiuen3

19 1955 20 2004 ἶ
132 1952 209 2020 inde
226 1974 305 2022 nero
319 1952 468 2039 procedit
484 1953 571 2020 circa
587 1961 705 2020 terram
722 1953 855 2040 Mathey
871 1953 930 2037 filij
948 1953 1086 2020 Paroath
1112 1953 1156 2019 ad
1181 1953 1260 2020 coci·

19 2109 21 2118 .
131 2061 273 2144 dentem,
292 2069 325 2127 et
340 2061 459 2128 transit
476 2061 663 2128 Danubium
680 2063 792 2128 subtus
809 2061 973 2145 quoddam
992 2062 1060 2149 fuls,
1076 2067 1109 2128 et
1124 2068 1200 2130 sunt
1216 2061 1262 2127 ibi

19 2189 21 2246 ζ
130 2167 192 2234 due
208 2175 316 2252 mete3
335 2165 452 2235 deinde
468 2170 613 2235 metatim
631 2169 835 2254 procedendi
863 2168 956 2234 uadit
971 2168 1014 2234 ad
1039 2173 1162 2235 terram
1189 2167 1263 2236 Chi·

19 2339 20 2344 ,
130 2275 196 2343 bok
211 2274 385 2342 Michaelis
398 2299 405 2359 ;
424 2276 498 2341 inde
514 2297 590 2342 uero
608 2274 755 2361 procedit
770 2295 883 2343 uersus
894 2277 1158 2361 septemtrionem
1169 2276 1263 2342 circa

19 2403 20 2408 ¹
130 2403 284 2467 magnam
301 2369 389 2448 uiam
406 2383 449 2449 ad
465 2384 643 2471 predictam
660 2390 780 2449 terram
799 2381 932 2470 Georgij
951 2391 983 2449 et
1007 2383 1137 2468 Inatbe,
1163 2389 1195 2448 et
1211 2381 1258 2448 ibi

19 2549 23 2586 ἲ
130 2497 204 2556 sunt
219 2488 285 2556 due
301 2497 396 2574 mete,
413 2497 446 2556 et
462 2491 506 2556 ibi
517 2491 729 2556 terminantur
742 2497 825 2558 mete
835 2499 920 2558 terre
930 2491 1123 2577 supradicte.
1137 2491 1256 2556 Datum

19 2605 21 2662 ἑ
129 2598 162 2664 in
178 2599 297 2682 vigilia
313 2597 432 2664 Sancte
448 2597 627 2663 Katherinc
645 2597 795 2682 Virginis.

240 2707 309 2773 Nos
334 2705 445 2788 itaque
471 2705 593 2772 interne
619 2705 891 2772 considerationis
918 2705 1020 2772 oculis
1054 2709 1260 2772 recensentes

19 2789 21 2888 ss
132 2815 278 2882 ciusdem
295 2812 488 2881 venerabilis
504 2814 566 2879 viri
582 2813 731 2896 Magistri
747 2812 907 2890 Theodori
923 2812 1084 2896 Propositi
1109 2791 1263 2880 albensis

19 2926 27 3008 ζ’
131 2941 316 3008 supremam
333 2922 574 3008 prerogatiuam
603 2929 635 2987 et
650 2921 896 3007 preroganciam
923 2921 1119 3005 meritorum,
1146 2919 1263 3002 quibus

19 3025 20 3084 ἓ
131 3030 224 3096 nobis
244 3029 330 3094 circe
346 3029 445 3094 inicia
460 3029 647 3116 celebrandi
663 3027 859 3112 matrimonij
871 3027 995 3094 Diuina
1005 3027 1260 3112 dispensacione

19 3165 20 3172 ¹
134 3139 250 3204 celitus
268 3135 422 3223 ordinati,
439 3155 511 3201 cum
529 3137 621 3202 iuxta
631 3135 814 3202 Salomonis
830 3135 1029 3220 sapienciam
1041 3133 1258 3216 coniugiuma

19 3227 21 3232 ’
75 3245 79 3254 ’
132 3245 272 3312 Domino
290 3250 488 3330 preparetur,
505 3243 654 3309 astititet
679 3241 772 3308 affuit
787 3243 855 3308 suis
871 3241 1038 3325 obseqaijs
1065 3241 1261 3326 reuerendis,

19 3337 21 3422 ζ
131 3352 305 3438 permulta
321 3360 481 3441 terrarum
498 3350 611 3434 spacia
626 3351 709 3417 inter
725 3356 837 3417 nostra
852 3350 1012 3414 incolatus
1029 3347 1172 3413 dominia
1188 3367 1260 3414 uer-

19 3483 21 3544 3
131 3481 183 3528 sus
199 3459 372 3527 Polcniam
390 3457 595 3544 peragrando
612 3459 679 3526 suis
695 3458 872 3545 laboribus,
891 3465 924 3522 et
940 3475 1070 3522 suorum
1087 3475 1126 3520 ac
1151 3455 1261 3540 inpen-

131 3567 194 3650 dijs
209 3567 355 3652 proprijs
370 3587 437 3632 non
454 3563 628 3652 parcendo,
647 3574 838 3648 gratumque
854 3563 949 3631 nobis
967 3582 1093 3648 semper
1110 3581 1257 3645 ergaau·

130 3675 194 3740 lam
209 3672 351 3758 Regiam
362 3681 395 3740 et
405 3673 585 3740 extrinsece
596 3673 630 3740 in
640 3675 762 3740 nostris
773 3672 1039 3739 ministerialibus
1049 3671 1204 3756 ctoificiJs
1214 3670 1260 3735 in·

19 3787 21 3798 ”
131 3781 275 3866 pcndcrit
284 3781 489 3866 famulatum,
507 3789 541 3848 ut
558 3781 656 3864 digne
676 3778 947 3846 remuneracionis
958 3775 1071 3844 brauio
1084 3777 1197 3844 merito
1208 3777 1261 3844 de·

132 3892 204 3957 beat
222 3901 365 3957 anostra
375 3886 573 3955 celsitudine
588 3887 745 3972 insigniri,
756 3886 931 3969 multisque
947 3885 1079 3971 laudum
1095 3885 1260 3968 preconijs

130 3997 161 4062 in
177 3997 387 4083 expedicione
400 3996 502 4082 Regia
522 4002 636 4062 contra
655 3994 819 4061 dominum
835 3993 1002 4059 Albcrtum
1015 3992 1175 4058 Illustrem
1195 3993 1261 4059 Du·

19 4089 21 4170 ῤ
131 4123 196 4172 cem
209 4107 340 4174 Austrie
349 4105 514 4172 Diuinitus
524 4104 707 4188 informate,
719 4102 773 4168 ubi
783 4121 893 4170 secum
903 4105 1107 4187 pertraxerat
1117 4099 1259 4167 multitu·

19 4215 21 4302 ὲ
130 4209 236 4280 dinem
247 4214 406 4284 nobilium
418 4219 622 4294 armatorum,
635 4211 845 4296 probabiliter
855 4207 1107 4298 commendetur,
1119 4213 1151 4274 et
1161 4226 1259 4291 genc-

19 4305 21 4368 ἶ
133 4319 242 4387 raliter
259 4321 369 4388 omnia
384 4320 489 4405 Regni
505 4319 640 4404 negocia
656 4318 726 4385 eius
743 4317 880 4403 prouido
897 4324 929 4384 et
945 4315 1093 4400 prudenti
1122 4312 1260 4381 consilio

19 4449 21 4476 i
130 4425 357 4511 disponantur.
367 4427 406 4492 In
418 4427 573 4493 solacium
585 4431 617 4492 et
633 4425 778 4492 solamen
795 4421 1027 4492 uenerabilium
1043 4427 1077 4487 et
1093 4419 1255 4488 excelleu-

130 4535 216 4602 oium
231 4535 428 4619 meritorum,
447 4551 509 4616 quo
519 4540 681 4618 nequeunt
691 4533 857 4601 commode
867 4531 1075 4618 presentibus
1086 4527 1255 4614 explicari,

19 4673 20 4678 ¹
130 4639 246 4712 dictam
258 4651 382 4712 terram
395 4641 541 4731 Iwaneb,
551 4662 625 4710 cum
635 4643 784 4710 omnibus
794 4640 989 4709 utilitatibus
998 4639 1075 4726 suis,
1088 4637 1192 4723 siluis,
1209 4655 1258 4704 sa·
