3180 5202
553 338 714 440 Q

1 518 2 586 t
46 549 128 596 mon
147 526 309 616 curastis3
342 550 419 618 ymo
436 528 540 596 eciam
555 529 729 616 tributum,
759 533 845 617 quod
861 532 949 618 exigi
980 537 1150 603 consueuit
1165 535 1200 604 in

1 721 2 732 ζ
50 645 160 724 porta
175 635 278 707 castri
293 638 403 724 vestri,
421 637 463 705 de
478 639 616 706 carratis
636 639 798 722 lignorum
812 660 873 726 pro
889 639 1074 727 wysegrad
1090 649 1199 712 castro

1 769 2 788 .
46 751 178 813 mostro
194 745 310 830 Regali
334 741 530 813 interdicere
559 745 595 811 in
611 747 729 814 uestris
760 746 915 816 nundinis
945 750 1198 836 presumpsistis.

1 844 172 938 Super
187 852 306 937 quibus
322 873 395 920 curn
410 853 445 918 in
461 851 563 920 uestri
582 852 754 938 presencia
781 855 950 923 Wernerio
966 854 1082 924 Comiti
1098 857 1200 926 multa

1 1025 3 1041 ,
9 961 155 1028 dicta
170 963 313 1029 fuissent
328 959 372 1028 ad
387 959 712 1049 faciemaPreposito
728 961 873 1030 Budensi
891 969 924 1032 et
939 963 1072 1049 reliquis
1087 983 1201 1051 supra·

1 1043 2 1106 ¹
50 1065 182 1154 dictis3
201 1089 260 1137 nos
278 1069 385 1136 eidem
401 1067 571 1136 firmiter
561 1069 774 1154 rmpcsuimus
799 1071 858 1138 sub
874 1070 1081 1140 districcione
1096 1072 1198 1156 Regie

1 1213 2 1256 ζ
56 1175 233 1262 iussionis,
250 1181 286 1244 vt
301 1194 336 1242 se
353 1181 385 1242 et
399 1173 653 1243 Vniuersitatem
669 1181 813 1243 vestmm
829 1197 851 1243 a
865 1177 986 1245 talibus
1002 1178 1198 1246 cohiberent.

1 1350 2 1353 ,
52 1281 177 1361 Quare
193 1282 344 1352 fidelitati
360 1288 468 1350 vestre
482 1283 643 1350 firmiter
634 1284 833 1367 iniungimus
848 1305 908 1372 per
923 1293 1102 1374 presentes,
1117 1306 1198 1370 qua·

5 1458 10 1466 ,
57 1399 161 1459 tenus
177 1391 220 1457 ab
235 1389 453 1477 impedicione
469 1389 626 1460 dictorum
651 1392 851 1481 tributorum,
871 1397 903 1459 et
918 1393 1061 1461 maxime
1076 1393 1110 1460 in
1126 1394 1197 1462 foro

52 1497 155 1583 quod
172 1503 267 1565 extra
283 1505 425 1566 castrum
435 1505 579 1586 tempore
589 1498 807 1569 nundinarum
821 1507 1005 1570 uestrarum
1022 1497 1200 1568 ordinastis

59 1607 238 1694 celebrari,
254 1625 371 1673 manus
387 1611 524 1692 vestras,
549 1614 581 1674 et
598 1608 741 1675 omnium
766 1607 811 1674 ad
826 1627 884 1676 vos
901 1607 1135 1693 pertinencium
1149 1628 1200 1675 re-

59 1714 201 1802 uocetis,
216 1715 445 1799 permittentes
462 1715 552 1799 exigi
577 1715 734 1783 tributum
749 1717 792 1783 ab
823 1714 1019 1784 officialibus
1050 1734 1199 1782 sororum

58 1821 104 1886 de
138 1819 256 1887 Insrda
284 1819 376 1887 iuxta
407 1821 672 1890 consuetudinem
697 1822 847 1908 primitus
871 1825 1097 1906 obseruatum
1127 1821 1197 1889 nul·

60 1927 134 1993 lam
164 1926 444 1996 machinacionem
475 1931 585 2016 palam
615 1931 670 1997 uel
701 1931 826 1998 occulte
856 1936 970 1997 contra
1009 1929 1200 1998 mandatum
1265 1924 1270 1932 ’

60 2035 204 2121 Regium
230 2038 415 2120 ingerentes
445 2036 479 2102 in
502 2036 717 2124 preiudicium
743 2036 929 2123 earundem,
956 2036 1008 2104 Ad
1023 2036 1109 2123 quod
1125 2055 1201 2104 exe-

1 2157 24 2200 t·
65 2139 233 2224 quendum
258 2139 465 2228 Rodquhum
490 2141 640 2210 iuuenem
671 2149 825 2224 nostrum,
848 2143 1013 2210 concincm
1043 2149 1198 2227 uestrum,

4 2291 16 2302 -
60 2271 134 2316 rna
149 2269 223 2316 curn
237 2249 396 2334 Magistro
411 2249 501 2318 Elck
517 2251 591 2319 aule
606 2257 717 2319 nostre
726 2250 852 2320 notario
867 2251 1017 2321 duximus
1033 2249 1201 2319 destinan-

69 2357 157 2424 dum.
174 2356 305 2443 Sciatis,
324 2357 411 2440 quod
436 2357 465 2424 si
481 2357 618 2427 ulterius
636 2379 695 2426 uos
721 2359 868 2427 mandeti
883 2361 984 2428 nostri
1001 2360 1199 2430 senserimus

63 2470 341 2550 'mansgressorea
359 2471 448 2532 certa
464 2464 607 2533 vindicte
631 2466 719 2535 racio
744 2486 804 2555 per
818 2465 1003 2538 huiusmodi
1021 2467 1099 2536 facti
1115 2467 1200 2538 inso-

65 2576 207 2643 lenciam
226 2574 346 2663 poterit
364 2574 539 2645 formidari
556 2577 678 2645 Datum
697 2577 853 2666 Strigonij
886 2577 969 2647 feria
993 2585 1109 2664 quarta
1126 2597 1199 2664 pro·

67 2683 157 2750 xima
172 2689 249 2750 ante
264 2682 381 2751 festum
396 2680 587 2752 Natiuitatis
605 2684 748 2770 Virginis
764 2684 923 2754 Glorioso.

1 2938 2 2956 .
67 2879 207 2946 (Eredetie
221 2877 396 2946 bdrhtrtytm
416 2880 543 2946 melynek
568 2877 653 2932 ntttn
666 2895 698 2932 αι
710 2871 762 2933 oda
774 2887 897 2946 nyomctt
908 2879 1058 2949 peortaneu
1070 2879 1198 2933 teredeke

1 2959 2 2976 ¹
303 2983 427 3035 megan,
437 2984 455 3020 a
466 2969 550 3022 bndsi
563 2970 615 3022 kir.
628 2969 753 3021 kamarai
774 2965 964 3037 lavelttrbsn.)

600 3785 678 3856 ert.

2 3947 136 4082 {wll
154 3979 267 4046 Fardm
283 3981 504 4068 kirdldeuos
519 3983 804 4070 mesterbarcnyui
813 3981 1018 4072 sceptrinae
1033 3988 1203 4073 mephaqy·

2 4092 115 4224 jeu,
135 4091 218 4176 kopp
234 4089 372 4155 Kourdd
385 4111 448 4158 mes
450 4101 509 4155 rere
528 4089 656 4175 topace
672 4095 752 4157 neeri
776 4093 962 4157 birtokdbun
978 4090 1087 4159 Bokou
1097 4093 1203 4160 Jonas

331 4207 441 4263 moer
456 4197 534 4263 oren
550 4197 745 4264 aerumna
762 4176 813 4262 ni
829 4198 944 4265 notor

178 4386 329 4458 Andreas
344 4390 407 4458 Dei
423 4390 537 4476 grecia
569 4393 638 4461 Rex
654 4392 799 4479 Vngaris
829 4391 947 4461 dilecto
980 4398 1012 4460 et
1041 4390 1130 4461 fideli
1145 4411 1205 4462 suo

2 4495 230 4642 ζΜαςὶαέτα
246 4497 386 4565 Johanni
413 4497 480 4566 filio
513 4498 630 4566 Chaak
646 4499 768 4567 Oomiti
800 4497 841 4568 de
856 4499 985 4568 Barana
1016 4497 1206 4568 salutemet

27 4604 220 4711 graciam
237 4625 308 4674 cum
324 4606 513 4676 dileccione.
530 4608 746 4692 Conqueritur
761 4607 855 4676 nobis
872 4608 1029 4694 Magister
1044 4603 1208 4677 Ocrardus
