3132 5192
573 373 722 476 „rr-

85 565 171 632 dieta
186 565 323 652 Almisij
343 573 429 633 esset
443 565 477 632 in
493 566 644 633 manibus
671 565 749 633 dieti
767 565 889 632 domini
922 562 1056 632 Comitio
1073 564 1206 648 Georgii

86 681 116 740 et
131 674 271 742 fratrum
288 693 438 762 suorum,
469 675 522 743 vel
547 673 682 742 alterins
706 694 766 760 pro
783 692 831 757 eo,
849 691 952 754 neque
983 671 1026 740 ed
1042 673 1214 739 terminum

86 781 323 865 supradictum.
351 780 391 845 Et
407 779 440 847 in
457 781 570 848 horum
586 779 692 864 fidem,
714 788 747 848 et
761 779 959 848 evidenoinm
976 779 1154 866 pleniorem
1170 777 1215 844 di·

86 897 154 955 otus
170 887 325 955 dominus
342 888 457 956 Comes
473 885 632 973 Georgius
648 905 782 974 presens
795 886 961 974 publicum
971 885 1217 954 instrumentum

86 1015 144 1062 suu
159 989 257 1064 bulla
273 1015 312 1063 ne
328 995 441 1080 sigillo
457 1013 551 1062 cereo
567 993 758 1062 communiri
775 991 950 1061 mandevit.

194 1105 304 1172 Versa
318 1103 388 1170 vioe
403 1101 569 1190 predietun
596 1101 746 1169 dominus
761 1101 928 1171 Johunnes
955 1098 1138 1168 contareno
1163 1101 1216 1168 Ja-

87 1208 213 1278 dreneio
230 1212 351 1278 Oomee
367 1209 497 1286 nomine
513 1218 545 1277 et
559 1209 632 1278 viee
648 1208 783 1297 predicti
810 1208 931 1276 domini
947 1206 1049 1275 Duoie
1067 1215 1099 1275 et
1114 1207 1216 1276 homi·

90 1339 163 1384 num
171 1315 1221 1405 Veneoierumhnbitatornm,subiectorumfidelinm,districtue-
1330 1341 1334 1349 ·

88 1427 162 1492 lium
178 1445 317 1493 suorum
333 1425 437 1510 inivit,
454 1424 540 1512 feeit,
557 1432 590 1492 et
605 1423 746 1492 firmavit
762 1444 895 1512 merum,
911 1443 1027 1510 puram
1045 1431 1076 1491 et
1092 1424 1217 1490 firmam

90 1541 238 1616 treguam
257 1532 412 1617 nequead
425 1533 605 1620 predictum
622 1552 741 1600 annum
759 1532 946 1599 continuum
963 1538 995 1598 et
1020 1531 1215 1618 completum

91 1659 158 1706 oum
176 1639 372 1726 supradicto
388 1640 519 1707 domino
544 1638 668 1706 Gemite
693 1639 836 1724 Georgio
861 1637 1038 1724 recipiente
1064 1645 1096 1705 ot
1119 1637 1221 1725 stipo·
1273 1719 1281 1730 Ι

93 1748 191 1832 lente,
201 1753 272 1813 tom
284 1768 344 1814 sno
355 1754 386 1813 et
397 1767 527 1814 suorum
539 1747 678 1834 nomine,
687 1767 786 1831 quem
809 1747 983 1835 hominum,
994 1754 1026 1812 et
1036 1744 1223 1812 Communis

93 1855 243 1939 Almieij3
263 1855 465 1941 promittens,
482 1854 570 1938 quod
584 1855 748 1941 predietus
764 1851 911 1921 <lominus
935 1855 1009 1922 Dux
1028 1876 1085 1940 pro
1101 1873 1150 1940 ee,
1166 1873 1224 1921 seu
1316 1857 1320 1868 “

92 1984 148 2048 pro
164 1961 306 2049 comite,
323 1969 355 2030 et
369 1963 514 2032 homiues
540 1963 765 2046 Veneoiurum‚
782 1963 993 2060 habitatores,
1021 1963 1141 2050 fideles,
1172 1953 1220 2028 o'r-
1251 1997 1257 2008 ·

97 2069 298 2151 strictualee,
315 2091 372 2138 seu
396 2071 527 2158 subditi,
543 2091 608 2138 non
618 2071 792 2158 offendent,
807 2091 866 2138 neo
883 2071 1002 2138 offendi
1017 2069 1147 2157 facient,
1161 2091 1221 2137 neo

95 2177 213 2245 offendi
247 2179 434 2265 permittent
465 2178 497 2246 in
529 2179 676 2265 personis
709 2180 760 2246 vel
786 2179 882 2247 rebus
908 2179 1087 2266 predictum
1114 2177 1216 2244 domi·

95 2307 166 2351 num
184 2287 349 2353 Comitem
375 2287 562 2373 Georgium,
586 2307 645 2354 nee
671 2286 827 2354 Comitem
853 2292 886 2353 ot
911 2286 1056 2354 homines
1081 2284 1227 2370 AlmisiJ',

95 2412 152 2460 nee
167 2393 316 2476 alicujus
332 2413 442 2460 eorum
459 2393 614 2478 nominee,
632 2393 685 2460 vel
702 2391 850 2460 subditos
867 2393 1061 2476 ubicumque
1087 2391 1227 2460 existen·

96 2501 235 2582 remed
254 2517 312 2566 eos
329 2521 440 2568 omnes
457 2506 489 2567 et
504 2500 651 2585 singulos
678 2501 710 2567 in
737 2501 883 2585 personis
909 2507 940 2566 et
966 2503 1072 2586 rebus,
1099 2508 1166 2568 tom
1195 2500 1228 2565 in

96 2606 174 2672 meri
187 2613 291 2691 quem
303 2607 336 2672 in
352 2615 440 2676 terra
456 2607 596 2693 Almisij,
610 2613 642 2675 et
653 2609 704 2674 eui
722 2607 868 2694 dominii,
885 2607 1050 2676 habebunt
1064 2607 1175 2675 eulvos
1193 2614 1226 2674 et

98 2733 239 2781 securos.
260 2716 408 2782 Ceterum
425 2717 454 2782 ui
471 2715 576 2783 dietus
592 2715 742 2784 dominus
774 2716 889 2782 Comes
916 2716 1076 2800 Georgius
1102 2719 1230 2783 ueniret

101 2821 266 2890 Veneeias
281 2823 450 2890 oeensione
476 2823 573 2891 eundi
590 2823 634 2891 ud
659 2823 792 2890 Curiam
819 2823 939 2891 domini
965 2825 1064 2910 Pape,
1092 2823 1143 2891 rel
1167 2823 1235 2890 ulie

101 2929 294 3012 oeoasione3
312 2929 418 2997 dietus
443 2921 683 2998 dominus'Dux
700 2951 821 3018 perse,
848 2939 881 2997 et
907 2951 965 3016 per
990 2931 1092 2998 dictos
1119 2951 1232 2998 omnes

102 3055 185 3122 euos,
202 3037 342 3105 habebit
358 3045 389 3104 et
406 3040 519 3106 heberi
535 3038 635 3108 saciet
651 3060 722 3107 eum
740 3059 812 3106 oum
826 3061 886 3106 sna
902 3039 1055 3106 comitiva
1083 3039 1116 3106 in
1128 3060 1236 3124 perso·

103 3144 151 3210 nie
167 3151 199 3210 et
224 3146 327 3213 rebus
352 3146 479 3214 salvum
495 3154 527 3214 et
551 3167 699 3216 oeourum
725 3145 890 3234 Veneoiis,
915 3147 1087 3236 veniendo,
1104 3146 1233 3234 eundo,

106 3253 221 3340 eundo,
241 3259 277 3319 et
292 3249 468 3321 redeundo.

12 3473 14 3508 2
108 3448 229 3514 (Lucius,
244 3452 287 3502 De
307 3451 401 3516 Regno
414 3451 571 3505 Delmatiae
584 3459 610 3506 et
629 3452 757 3505 croatiae
771 3453 833 3504 libri
847 3470 902 3518 rex,
917 3453 965 3508 IV.
979 3454 1072 3519 ktnyr
1090 3457 1115 3505 9.
1126 3451 1240 3517 tejezet.

569 3742 744 3750 ——-.—---.-...
754 3745 772 3754 ,-
