3132 5192
349 519 497 606 peruenit
514 519 555 585 ad
581 527 647 586 tres
674 525 775 586 metes
801 525 939 601 ueteres,
968 519 1001 583 in
1028 537 1162 602 quarum
1197 537 1263 583 uns
1295 523 1344 583 est
1377 514 1470 579 arbor
1556 555 1558 596 ,

349 627 540 713 qyartcafa,
558 630 589 692 et
605 626 639 690 in
655 625 723 692 alia
740 632 790 692 est
805 627 904 713 tufa,
930 633 961 692 et
986 626 1089 693 tercia
1114 633 1201 694 meta
1227 633 1345 702 terrea,
1375 625 1408 686 et
1434 618 1472 682 ad
1556 631 1558 738 i

351 733 432 800 duas
448 752 551 800 nouas
566 739 668 800 metas
685 739 821 819 terreas,
847 742 880 799 et
896 733 943 798 ibi
970 733 1060 799 eadit
1083 734 1116 800 in
1142 733 1281 800 rinolnm
1307 724 1469 809 Loboeba,
1556 743 1558 804 t

351 839 407 923 qui
438 839 560 906 eisdem
594 847 641 906 est
673 861 732 925 pro
749 847 836 907 meta
852 861 872 906 a
888 847 982 926 parte
1012 838 1229 922 meridionali,
1258 838 1314 922 qui
1341 838 1470 919 separat
1557 819 1558 840 ²

351 945 475 1014 directe
492 947 772 1014 desscendendoa
797 950 893 1015 terris
919 947 1078 1030 Ladizlai,
1104 947 1269 1015 Zereohun
1297 951 1330 1013 et
1362 945 1474 1022 Darna,
1556 947 1558 1022 ,

352 1055 522 1123 custodum
539 1055 695 1122 siluarum
712 1065 916 1141 uestrarum·
933 1065 965 1122 et
981 1057 1058 1124 inde
1074 1057 1204 1142 abipso
1232 1053 1349 1140 ryuulo
1374 1047 1475 1115 Loko
1556 1091 1558 1134 ,

350 1164 411 1230 cha
427 1163 627 1230 transeundo
643 1164 733 1230 uenit
748 1164 830 1230 adt
817 1173 885 1232 tres
909 1171 1037 1232 ueteres
1062 1171 1166 1232 metas
1184 1171 1308 1230 terreas
1336 1165 1369 1225 et
1397 1156 1474 1221 duas
1556 1185 1558 1252 3

349 1291 462 1353 nouas,
478 1291 539 1355 que
555 1279 744 1356 separante
762 1279 856 1356 perte
873 1271 1135 1339 occidentalia
1121 1270 1215 1336 terris
1229 1268 1382 1352 Paznani,
1411 1263 1471 1347 Ny·
1556 1259 1558 1306 ⁷

350 1379 403 1447 sik
419 1385 450 1444 et
467 1377 613 1462 Radizlaj
633 1378 830 1462 piscatorum
847 1386 1030 1447 nestrorum
1047 1379 1088 1445 de
1105 1379 1229 1461 Hertz,
1247 1375 1364 1442 abhinc
1381 1368 1475 1437 decli·
1556 1371 1558 1432 ξ

348 1490 406 1550 nst
421 1503 534 1551 uersus
550 1485 684 1552 fluuium
702 1487 809 1552 Goron
842 1487 885 1554 ad
917 1487 1089 1572 quemdam
1122 1489 1227 1551 locum
1259 1477 1473 1565 Mogosmortb

348 1601 509 1678 uocatum,
526 1598 558 1659 et
573 1592 618 1658 ibi
634 1595 754 1662 transit
769 1595 901 1661 fluuium
911 1595 1019 1662 Goron
1035 1592 1080 1660 ad
1095 1599 1221 1678 partem
1237 1587 1473 1666 occidentalem,

350 1707 382 1766 et
398 1720 457 1787 per
474 1701 579 1787 ipsum
595 1701 726 1767 fluuium
743 1701 852 1768 Goron
869 1703 938 1769 siue
954 1723 1012 1788 per
1030 1700 1196 1787 quandam
1207 1719 1323 1766 uenam
1335 1694 1473 1762 eiusdem

350 1807 515 1875 asscendit
531 1828 645 1875 uersus
662 1810 935 1895 septemtrionem,
953 1817 986 1874 et
1001 1808 1153 1894 peruenit
1169 1807 1213 1873 ad
1229 1803 1388 1890 quendam
1406 1819 1474 1885 ryu·

351 1916 439 1981 ulum
456 1915 636 1982 Welchena
652 1925 812 2004 uocatum,
830 1916 884 1982 ubi
902 1923 977 1982 sunt
992 1925 1059 1984 tres
1077 1921 1205 1982 ueteres
1221 1919 1304 1978 mete
1323 1917 1423 1976 terree
1447 1911 1475 1972 et

351 2023 414 2090 due
432 2043 536 2106 noue;
555 2031 586 2088 et
601 2024 646 2088 ibi
662 2025 729 2090 exit
745 2031 777 2090 ct
792 2023 957 2090 asscendit
974 2043 1031 2110 per
1047 2024 1155 2108 ipsum
1165 2023 1318 2108 ryuulum
1330 2015 1470 2085 Welobe-

351 2152 396 2198 na
411 2131 455 2196 ad
470 2138 596 2215 partem
613 2133 856 2218 occidentatem,
874 2132 928 2216 qui
946 2138 1078 2217 separat
1093 2152 1115 2196 a
1130 2129 1223 2197 terris
1232 2130 1421 2214 populorum
1436 2123 1473 2186 de

351 2238 517 2326 Zelniobs,
535 2243 567 2305 et
583 2240 734 2324 peruenit
750 2238 792 2304 sd
810 2239 892 2305 duas
908 2244 1011 2306 metas
1036 2245 1165 2304 ueteres
1190 2241 1222 2302 et
1248 2234 1330 2300 duas
1355 2249 1471 2308 noues3

353 2353 385 2412 et
400 2345 446 2412 ibi
463 2345 529 2412 exit
543 2346 585 2412 ab
602 2345 674 2430 ipso
692 2347 807 2432 rynulo
824 2346 1012 2433 Welchena,
1038 2353 1070 2411 et
1086 2344 1177 2411 uadit
1202 2361 1317 2409 uersus
1341 2343 1470 2423 septem-

353 2452 500 2538 trionem,
517 2458 549 2518 et
564 2453 713 2538 peruenit
729 2451 773 2518 ad
789 2450 871 2519 duas
887 2459 991 2520 metas
1007 2455 1134 2519 ueteres
1151 2456 1183 2516 et
1195 2449 1276 2515 duas
1292 2466 1404 2530 nouas,
1415 2458 1471 2526 que

355 2565 509 2646 separant
536 2581 556 2626 a
572 2559 759 2626 custodibus
775 2560 929 2626 iluarum
938 2566 1120 2626 uestrarum
1146 2558 1188 2623 de
1213 2555 1350 2636 Bedun;
1366 2549 1473 2617 abhinc

354 2667 447 2735 uadit
462 2666 576 2734 iterum
595 2667 637 2761 ad
654 2665 736 2734 duas
752 2674 857 2734 metas
874 2674 1001 2734 ueteres
1018 2675 1050 2733 et
1066 2667 1148 2734 duas
1165 2684 1269 2731 nouas
1285 2662 1468 2746 angulares,

353 2775 486 2842 deinde
504 2775 595 2842 uadit
610 2775 653 2842 ad
669 2775 750 2841 duas
777 2783 882 2843 metas
898 2781 1026 2842 ueteres
1044 2781 1075 2842 et
1092 2773 1172 2840 duas
1189 2791 1304 2857 nouas,
1323 2777 1355 2835 et
1370 2765 1411 2832 ibi
1426 2783 1471 2831 ce·

356 2885 405 2950 dit
420 2885 454 2948 in
471 2881 635 2968 quendam
651 2884 799 2969 ryuulum
816 2883 1023 2950 Mobolnicba
1040 2897 1209 2963 uocatum
1228 2886 1258 2946 et
1274 2899 1333 2962 per
1349 2870 1470 2942 eundem

356 2991 493 3058 riuulum
511 2989 606 3056 uadit
621 2989 753 3074 directe,
771 2997 803 3056 et
819 2989 907 3056 cadit
923 2991 1038 3055 iterum
1064 2991 1098 3054 in
1123 2989 1256 3053 firruium
1284 2987 1400 3067 Goron',
1423 2977 1469 3045 nbi

356 3105 429 3166 sunt
439 3099 615 3182 duemete3
636 3104 668 3164 et
683 3117 741 3183 per
758 3098 895 3165 eundem
909 3099 1040 3164 titinium
1057 3095 1176 3181 Goron,
1192 3114 1250 3161 seu
1267 3111 1383 3158 venam
1398 3089 1470 3156 eius·

355 3206 429 3272 dem
445 3206 533 3290 fluuij
551 3226 572 3270 a
587 3212 681 3288 parte
697 3205 891 3272 occidentali
908 3206 1099 3271 existentem
1118 3203 1240 3267 directe
1256 3197 1424 3282 asscendit,
1442 3199 1469 3258 et

355 3316 442 3380 cadit
456 3315 572 3380 iterum
588 3315 629 3378 ad
647 3315 819 3398 quemdam
835 3313 982 3398 ryuulum
999 3312 1169 3378 Heberohe
1185 3315 1346 3390 uocatum,
1372 3311 1401 3371 et
1424 3299 1463 3365 ibi

356 3421 555 3488 terminatur.
574 3423 693 3486 Detunr
710 3421 743 3486 in
760 3421 872 3486 Zolum
888 3421 970 3487 ferie
986 3419 1087 3486 tercia
1111 3417 1262 3503 proxima
1288 3419 1361 3500 post
1386 3405 1468 3474 domi·

356 3529 474 3595 nicam.
493 3527 622 3594 Letare.

390 3761 453 3826 (111.
466 3761 554 3811 Endre
569 3758 655 3825 uuuy
672 3762 781 3812 lass-nr
795 3757 1067 3824 adomdnytevetdbb'l
1083 3761 1151 3809 mint
1165 3759 1282 3824 fentebb,
1293 3761 1337 3808 it.
1351 3771 1385 3807 sz.
1400 3752 1436 3816 s.)
