3146 5192
877 315 1035 412 ..Q
1552 339 1556 384 ¹

375 521 424 581 --et
438 510 565 580 Botond
579 509 676 578 fratri
691 507 837 576 eiusdem
852 507 1055 594 vendiderat,
1071 513 1128 574 aut
1153 505 1271 572 darent
1294 504 1356 574 sibi
1379 527 1431 592 pro
1453 528 1497 576 ea-

376 623 465 688 ·dem
480 619 588 686 simile
603 615 838 686 oouoambium.
855 613 910 682 Ad
926 613 1015 698 quod
1031 612 1147 680 Comes
1163 613 1303 680 lliehael
1327 618 1359 679 et
1381 613 1435 700 filij
1458 617 1499 682 sui

383 727 511 814 prelati
527 725 706 800 obicientes
722 723 874 790 similiter
888 742 947 808 per
963 719 1102 789 sormam
1117 719 1253 804 Jndieij,
1280 720 1393 788 habito
1415 723 1499 790 eonsi-

385 833 439 901 lio
463 838 675 917 cognatorum
699 836 733 898 et
756 829 933 897 amicornm
959 848 1100 914 suorum,
1131 827 1255 894 dietam
1281 828 1499 912 possessionem

389 937 544 1006 Pehohau
560 939 664 1026 ipsius
681 937 815 1004 Comitis
832 936 966 1021 Thome,
984 935 1091 1002 eidem
1106 941 1140 1000 et
1163 933 1245 1022 filijs
1261 937 1340 1022 suis,
1365 941 1500 1020 tanquam

373 1049 443 1132 ‚jus
460 1066 570 1114 eornm
596 1041 827 1112 hereditarium
853 1043 1054 1128 reliquerunt
1077 1062 1186 1109 eoram
1211 1042 1306 1109 uobis
1329 1043 1502 1126 paeifioeet

391 1155 518 1240 quiete;
536 1156 569 1218 iu
585 1151 782 1218 eontrarium
798 1151 947 1234 prefatus
962 1149 1102 1218 lliohael
1119 1156 1151 1214 et
1165 1149 1222 1234 filij
1241 1150 1293 1217 sni
1317 1148 1435 1216 dietum
1455 1149 1502 1216 Co

391 1262 502 1330 mitem
517 1259 688 1346 Thomam,
704 1260 762 1342 qui
778 1264 845 1324 tam
860 1277 919 1342 pro
935 1277 982 1342 se,
1004 1276 1103 1340 quam
1129 1277 1186 1342 pro
1211 1256 1364 1324 omuibus
1387 1256 1458 1342 filijs
1478 1266 1502 1324 et

390 1365 645 1454 eognaoiouibus
661 1365 730 1432 suis
746 1385 820 1432 eum
836 1363 1043 1432 euidentibus
1059 1363 1289 1451 proenratorijs
1314 1363 1431 1432 litteris
1453 1362 1502 1430 Ca

391 1473 489 1562 pituli
503 1465 690 1544 Waeisnsis
706 1476 848 1560 astabat,
859 1473 1062 1560 Stephanum
1077 1471 1179 1538 filium
1194 1472 1279 1560 Aba,
1296 1471 1353 1558 qui
1368 1473 1501 1539 similiter

383 1589 461 1648 tam
475 1601 535 1667 pro
550 1601 585 1648 se
600 1600 698 1664 qnam
714 1601 773 1666 pro
789 1579 867 1670 filijs
882 1579 963 1667 suis,
981 1579 1186 1662 Stephanum
1201 1579 1304 1646 lilium
1321 1581 1442 1666 MJeos,
1458 1577 1502 1664 qui

392 1710 451 1776 pro
467 1709 503 1756 se
528 1696 562 1756 et
585 1709 643 1774 pro
667 1688 788 1754 Bnaow
812 1686 913 1753 fratre
939 1706 999 1755 suo
1024 1685 1174 1752 similiter
1199 1707 1308 1754 ooram
1333 1686 1423 1754 nobis
1444 1706 1503 1753 euu

388 1795 624 1883 proomatorijs
641 1794 759 1862 litteris
776 1793 921 1882 Capituli
937 1793 1097 1862 Budeusis
1114 1793 1204 1862 iuxta
1214 1793 1354 1861 eundem
1365 1793 1502 1860 Comitem
1526 1844 1531 1852 .

354 1902 357 1920 '
392 1903 553 1970 'l‘lromam
568 1907 738 1984 oognatum
754 1903 898 1988 ipsorum
914 1901 1096 1983 astiterant,
1115 1900 1191 1968 lieet
1206 1920 1272 1966 uon
1287 1899 1385 1967 inuiti
1398 1918 1453 1966 neo
1465 1899 1501 1965 oi·

383 2010 464 2093 tati,
492 2009 641 2075 similiter
656 2029 715 2095 per
730 2007 1095 2092 formamjndioiariam
1122 2008 1372 2092 renominarunt,
1399 2007 1426 2074 si
1449 2006 1501 2090 ipsi

385 2125 507 2182 eontra
522 2115 653 2183 eosdem
670 2114 825 2182 Comitem
842 2113 1035 2184 Michaelem
1062 2121 1094 2181 et
1119 2113 1202 2181 filios
1227 2134 1304 2182 suos
1329 2135 1427 2198 super
1447 2113 1500 2179 alia

393 2229 483 2289 terra
512 2223 686 2308 Pehohau,
718 2241 815 2307 quam
847 2222 1012 2306 quondam
1047 2221 1166 2290 Comiti
1199 2223 1327 2307 Myoow
1362 2221 1427 2288 filio
1450 2221 1499 2286 lle·

286 2341 288 2346 '
392 2333 497 2416 triey,
537 2329 693 2414 Dedauh,
731 2331 857 2416 ltyeow
895 2329 998 2396 frater
1031 2327 1136 2416 ipsius
1146 2381 1157 2416 ,
1189 2325 1310 2395 Paulus
1347 2335 1379 2394 et
1408 2326 1501 2394 Hautlr

384 2436 434 2502 de
449 2437 589 2521 Strogea
619 2437 784 2504 medianto
814 2435 987 2522 priuilegio
1017 2436 1159 2523 Capituli
1190 2435 1361 2512 Budeusis,
1394 2456 1432 2501 ex
1445 2453 1500 2520 per-

393 2545 548 2612 missione
579 2549 612 2609 et
642 2543 730 2610 bona
755 2544 924 2610 voluntate
955 2544 1099 2611 eiusdem
1126 2543 1260 2613 Comitis
1293 2542 1415 2610 'rhome
1442 2559 1503 2608 ren·

393 2651 555 2736 dideraut,
570 2649 730 2716 haberent
746 2650 890 2734 aliquam
907 2651 1072 2718 aooionsm
1088 2659 1203 2720 eontra
1236 2652 1348 2737 ipsos,
1379 2670 1435 2716 neo
1448 2647 1502 2714 ue?

393 2758 456 2838 Qui
471 2755 596 2824 scilieet
627 2758 743 2825 Comes
774 2757 916 2825 Thomas
942 2767 974 2824 et
1004 2778 1115 2826 omues
1146 2757 1202 2843 alij
1220 2756 1435 2843 prenominati
1461 2772 1503 2820 oo·
1543 2772 1548 2781 ·

393 2867 485 2952 gnati
510 2865 574 2953 sui,
605 2871 670 2930 tam
700 2885 760 2951 pro
786 2885 822 2932 se
848 2885 945 2948 quam
972 2885 1030 2953 pro
1054 2865 1132 2950 filijs
1159 2865 1333 2932 eorundem
1349 2864 1504 2930 dixerunt:

383 2974 481 3060 -quod
497 2993 596 3058 super
611 2974 683 3056 ipsa
700 2973 769 3040 alia
796 2974 1002 3058 possessione
1025 2972 1179 3041 Pehehau
1206 2971 1331 3040 unllam
1358 2972 1507 3039 aoeionem·

393 3082 551 3148 habereut
564 3086 679 3148 eontra
704 3077 837 3146 eosdem
864 3077 1021 3146 Comitem
1047 3080 1240 3147 Miohaolem
1266 3088 1298 3148 et
1323 3079 1410 3146 tilios
1432 3095 1505 3164 suos,

391 3190 451 3256 sed
467 3183 604 3254 eandam
618 3185 718 3254 aliam
734 3187 974 3270 possessionem
991 3186 1144 3255 Pehohau
1161 3207 1232 3254 eum
1249 3185 1441 3255 utilitatibus
1449 3183 1506 3253 sum

391 3303 425 3362 et
440 3291 650 3380 pertiueueiJu
666 3291 825 3358 vuiuersis
827 3291 1040 3379 ,specialiter
1056 3313 1127 3359 eum
1144 3295 1224 3362 loeis
1251 3291 1507 3372 molendinorum,

393 3401 583 3468 nominatim
613 3418 685 3463 oum
710 3398 783 3464 loeo
807 3398 896 3464 illius
920 3399 1121 3484 molendini,
1147 3401 1269 3484 quod
1260 3422 1294 3466 ru
1321 3409 1408 3468 meta
1433 3398 1507 3466 illius

394 3507 526 3574 terrem
542 3505 642 3574 fluuio
659 3505 732 3590 Ipul
747 3523 818 3572 esse
835 3505 963 3594 dieitur,
981 3525 1053 3574 cum
1081 3509 1168 3574 omui
1195 3507 1402 3574 dimidietate
1425 3505 1556 3578 silua

393 3634 463 3680 rum
465 3632 552 3698 ,que
567 3611 757 3680 dimidietas
783 3619 834 3680 est
858 3633 880 3678 a
904 3619 998 3700 parte
1023 3633 1079 3680 seu
1105 3613 1276 3682 uicinitate
1301 3621 1385 3682 terre
1408 3610 1508 3693 Halai,
1554 3581 1556 3714 Ξ

389 3727 426 3786 et
442 3719 641 3787 dimidietate
657 3739 833 3802 nemorum,
852 3719 923 3788 sine
939 3721 1052 3807 aliqua
1068 3741 1169 3790 eausa
1185 3744 1268 3808 pure
1284 3731 1317 3790 et
1334 3720 1508 3807 simpliciter
1554 3717 1556 3804 ξ

392 3829 593 3914 reliquerunt
609 3830 728 3896 Comiti
743 3829 896 3897 lliohaeli
912 3839 944 3898 et
959 3830 1038 3918 filijs
1054 3834 1122 3898 suis
1138 3831 1275 3917 prefatis
1287 3840 1507 3918 perpetuopos·
1554 3825 1556 3894 3

393 3935 573 4022 uidendam,
591 3944 685 4023 prout
701 3937 806 4006 seiam
821 3936 1001 4006 seeundum
1026 3937 1165 4006 formam
1194 3939 1380 4026 pateuoium
1402 3937 1507 4004 littera·
1554 3925 1556 4004 ἶ

394 4063 465 4112 rum
482 4042 615 4110 Comitia
639 4043 772 4112 Martini
804 4045 969 4130 quondam
995 4045 1193 4130 Vioejudiois
1218 4045 1316 4116 Curio
1342 4049 1446 4114 nostre
1468 4039 1507 4106 di
1555 4117 1556 4126 χ

387 4149 550 4218 miserant
565 4157 597 4219 et
613 4151 822 4237 reliquerant.
838 4151 890 4229 Q
882 4173 982 4218 arum
999 4155 1186 4240 patouoium
1213 4154 1395 4221 litterarum
1419 4148 1507 4237 ipsius
1554 4209 1556 4240 ί

387 4257 528 4324 Comitis
544 4256 676 4324 Martini
693 4257 893 4344 Vieejudieis
909 4265 1004 4326 tenor
1019 4261 1096 4328 talis
1113 4267 1182 4328 est:
1554 4335 1556 4346 ,

500 4364 568 4431 Nos
584 4361 700 4430 Comes
716 4363 874 4432 Martinus
892 4365 1073 4450 VioeJudsx
1091 4365 1188 4434 Curie
1204 4367 1329 4434 domiui
1344 4366 1439 4450 Regis
1456 4379 1509 4438 mt.
1554 4391 1556 4464 ;

389 4468 496 4537 morie
527 4470 793 4539 sommendautes
820 4471 1042 4556 significamus
1068 4473 1130 4542 stb.
1153 4472 1374 4564 '(kttvetkezik
1397 4471 1506 4539 lltrton
1554 4471 1556 4546 ξ

387 4576 686 4657 alorsztgbirdusk
707 4578 840 4647 1295·ὶί
859 4579 1068 4666 delo-ilerde,
1085 4581 1167 4648 miut
1183 4572 1507 4678 fenteblt128.sn.t·‘)
1553 4575 1556 4658 J
