3124 5194
561 405 588 412 -.
604 317 716 412 233„-
823 381 841 390 r.

8 517 15 596 ἐ
66 511 109 577 ab
125 505 282 595 antiqn03
298 529 395 594 quam
409 505 543 593 quidem
559 505 754 576 diuisionem
771 509 946 576 noluerunt
960 511 993 576 in
1010 517 1202 596 perpetuum

8 625 14 670 ι’
66 617 244 684 obseruare
272 623 304 684 et
320 615 529 684 inuiolabiter
554 635 766 704 permanere;
782 615 883 702 igitar
898 637 996 704 snper
1011 618 1089 710 alijs
1105 624 1138 686 ct
1153 638 1202 686 ce

67 725 140 791 teris
158 729 270 810 terrya
287 742 344 790 seu
359 723 621 809 possessionibus
638 723 814 790 eorundem
831 722 998 792 extrahes
1013 723 1079 793 duo
1104 726 1202 810 priui-

9 834 16 928 ξ
66 830 186 917 uilegia
204 830 442 916 existentibus,
474 849 609 916 quorum
625 831 759 899 nomina
782 831 847 898 iarn
864 832 1104 920 exprimentum
1122 834 1200 904 item

9 929 16 1021 ξ
68 959 160 1024 super
177 938 335 1024 dampnis
352 946 481 1004 centum
508 943 540 1004 et
565 937 806 1024 quinquaginta
822 959 1005 1008 marearum
1019 940 1053 1008 in
1069 961 1200 1029 posses·

10 1026 19 1145 ξ
68 1045 214 1114 uranias
231 1043 376 1132 pressea
391 1044 540 1128 nugam
559 1044 722 1112 ronanus
745 1045 948 1131 fratrumque
966 1067 1109 1136 auorum,
1122 1049 1201 1118 arro-

10 1161 17 1226 't
67 1173 134 1219 rum
159 1151 299 1220 Comitis
332 1149 483 1219 Ladizlai
513 1150 549 1218 in
564 1151 683 1240 Zelya,
716 1173 798 1238 quas
833 1153 974 1232 habent;
1009 1155 1087 1222 item
1101 1175 1201 1242 super

10 1257 17 1333 ἶ
69 1259 216 1346 dampnis
234 1259 379 1328 aliarum
395 1267 526 1328 eentum
542 1266 578 1326 et
594 1262 834 1346 quinquaginta
849 1281 1041 1349 marcarum,
1068 1283 1151 1348 quas
1166 1266 1201 1330 in

10 1349 16 1443 J
68 1367 339 1454 possessionibus,
368 1367 403 1434 in
418 1368 516 1436 rebus
531 1374 564 1434 et
579 1367 613 1434 in
629 1369 725 1436 bonis
741 1369 891 1454 Magistri
922 1368 1072 1456 Gregorij
1090 1370 1199 1440 fratris

10 1460 15 1560 i
71 1495 175 1544 eorum
191 1475 365 1562 patruelis,
380 1481 455 1561 post
479 1474 647 1542 decessum
673 1474 817 1544 eiusdem
834 1476 869 1543 in
895 1477 1082 1564 porcionem
1098 1479 1201 1564 ipsius

9 1561 14 1667 ξ
69 1583 215 1666 Magistri
232 1582 395 1651 Johannis
429 1582 630 1668 fratrumque
663 1602 794 1650 snorum
825 1583 1020 1654 debentibus
1036 1594 1069 1653 at
1084 1587 1200 1654 ceden·

9 1710 15 1772 5¹
71 1693 160 1778 tibus,
178 1714 239 1779 per
272 1693 406 1760 eosdem
423 1691 509 1760 tilios
536 1693 685 1778 Magistri
702 1693 862 1782 Phylipns
886 1713 988 1780 vsqne
1010 1695 1106 1764 modo
1121 1697 1200 1764 irro-

9 1772 15 1889 i
70 1801 151 1886 gatis
167 1801 332 1884 stilletis,
348 1807 385 1866 nt
399 1799 564 1886 dicebant,
580 1800 615 1866 in
631 1803 804 1886 presencia
816 1800 937 1868 domini
952 1800 1084 1869 Andree
1100 1803 1199 1888 Regis

10 1913 15 1979 i
68 1909 282 1996 iudicumque
309 1909 405 1976 Onrie
430 1929 505 1991 sne,
531 1908 610 1974 item
635 1929 743 1976 coram
768 1909 901 1976 domina
927 1910 1068 1978 Duoissa
1096 1911 1200 1979 tocius

10 2057 11 2078 2
72 2014 254 2106 Solanonie,
271 2017 450 2100 Judicequc
467 2014 564 2084 (turia
589 2035 646 2084 sne
655 2067 666 2103 ,
682 2016 831 2103 partibus
847 2023 959 2084 cenna
974 2017 1115 2085 inuicem
1135 2019 1200 2087 dis·

9 2082 16 2202 ξ
73 2126 275 2210 captantibus
291 2133 323 2191 et
339 2125 467 2191 diucius
484 2124 756 2209 alterguantibus‚
773 2129 954 2192 uerteretur
972 2124 1110 2191 materia
1125 2145 1199 2210 que·

10 2224 20 2307 i
72 2233 200 2300 ationis:
231 2231 366 2300 taudem
393 2231 435 2298 de
450 2230 620 2299 uoluntate
636 2238 669 2296 et
694 2251 735 2297 er
752 2229 966 2314 permissione
990 2231 1119 2300 domine
1134 2233 1200 2300 Du·

73 2339 167 2426 cisse,
185 2339 366 2406 secundum
392 2339 562 2406 arbitrium
583 2337 719 2405 Comitis
745 2335 857 2403 Ochus
883 2337 1063 2423 degenere
1086 2339 1201 2406 Buzad

74 2445 191 2515 Judicis
207 2447 306 2516 Curia
323 2447 454 2514 domine
470 2447 628 2532 Ducisse,
643 2447 789 2513 Lorandi
804 2448 973 2532 Woynode
989 2447 1047 2534 filij
1064 2449 1199 2527 Thema

75 2553 144 2620 item
160 2554 297 2621 Comitis
313 2555 481 2621 Benedicti
498 2553 555 2638 filij
572 2553 700 2622 luanka
709 2606 718 2640 ,
733 2552 885 2640 Magistri
902 2553 1042 2640 Geylcth
1059 2556 1115 2642 fiiij
1134 2559 1198 2623 Ma·

75 2659 160 2742 gistri
178 2661 367 2748 Geylethy,
392 2662 551 2729 nobilium
567 2663 609 2728 da
624 2664 772 2745 Posoga3
805 2663 885 2728 item
902 2661 1036 2729 Comitis
1067 2663 1201 2752 Detricy

8 2821 10 2838 .
76 2773 106 2832 et
118 2767 226 2836 fratris
253 2769 305 2837 sui
321 2767 462 2835 carnalis
477 2768 624 2854 Magistri
640 2769 745 2853 Bolng
760 2770 897 2836 Comitis
913 2778 946 2836 et
963 2767 1140 2838 castellani
1158 2770 1202 2840 de

8 2845 14 2904 ἶ
76 2871 214 2960 Posoga;
241 2877 320 2944 item
345 2875 497 2960 Magistri
522 2873 681 2962 Stephani
705 2875 762 2962 filij
780 2875 941 2944 Johannis
969 2877 1009 2944 de
1026 2877 1148 2964 Garay,
1166 2883 1199 2946 ot

77 2978 215 3068 Magistri
240 2983 416 3069 Dominicy
447 2984 611 3069 quondam
643 2984 790 3052 Palatini
821 2984 880 3062 filii
901 2983 990 3051 Petri
1022 2984 1199 3068 degenere

80 3086 194 3176 Ohaair,
210 3093 416 3176 aliorumque
432 3091 573 3160 virorum
590 3093 746 3159 nobilium
772 3091 1102 3178 eomprouincialium‚
1121 3093 1198 3160 ami-

80 3199 169 3264 cabili
185 3198 435 3285 composicione,
460 3199 639 3285 paoifioaue
665 3197 878 3266 ordinacione
908 3199 1072 3266 mediante
1087 3208 1199 3286 partes

8 3337 36 3416 p,
79 3307 327 3376 concordassent
342 3307 376 3373 in
400 3305 486 3373 huno
518 3306 665 3373 modum:
697 3303 787 3388 quod
811 3306 1032 3391 prenominati
1047 3309 1199 3390 Magistri

8 3473 14 3522 ,
80 3409 247 3500 iohannes,
265 3415 424 3500 Phylipus
450 3414 637 3481 Demetrius
653 3420 686 3480 ct
701 3413 877 3482 Ladizlaus
896 3414 953 3499 filij
973 3413 1111 3482 Comitis
1137 3416 1200 3482 La·

81 3515 169 3586 dirisi
180 3521 227 3618 jn
243 3521 486 3608 presenciarum
502 3527 650 3589 astantes
667 3521 903 3588 dimidietatem
920 3542 978 3588 seu
994 3522 1200 3592 medietatem

85 3628 286 3706 possessionis
322 3635 355 3696 et
386 3629 486 3696 castri
518 3628 668 3698 Nadasth
699 3637 897 3713 necatorum,
922 3630 956 3697 in
982 3633 1143 3700 Comitatu
1158 3633 1199 3699 de

8 3725 12 3882 p
83 3729 197 3802 Thalna
212 3735 404 3802 situatornm
422 3743 454 3802 et
471 3735 706 3822 existencium,
733 3757 833 3821 quam
848 3738 1054 3806 medietatem
1069 3741 1200 3806 nornine

81 3837 215 3923 suijuris
230 3843 274 3912 ab
290 3843 414 3911 eisdem
431 3843 508 3928 filijs
524 3845 673 3930 Magistri
688 3843 850 3932 Phylipus
879 3846 1107 3930 requirebant;
1122 3848 1200 3914 item

8 3899 12 4040 ι
83 3943 152 4016 istas
166 3951 244 4021 duas
260 3959 364 4020 terras
394 3971 453 4019 sau
477 3951 702 4037 possessiones
727 3952 866 4018 Beersen
895 3949 956 4040 (et)
982 3953 1125 4021 Zeklech
1146 3976 1200 4022 uo.

8 4045 11 4122 ἔ
84 4061 163 4124 entes
177 4059 210 4128 iu
225 4059 341 4126 endem
356 4059 519 4126 Comitatu
530 4058 710 4128 Tholnensi
727 4060 867 4126 situatas
884 4065 917 4128 et
932 4060 1115 4146 existentes,
1126 4082 1199 4129 cum

8 4125 13 4230 i
85 4163 217 4234 nnnibus
232 4167 302 4236 suis
318 4167 533 4252 utilitatibus3
559 4169 636 4236 item
663 4167 874 4236 medietatem
889 4169 1023 4235 istarum
1040 4173 1200 4236 terrarum

8 4243 10 4300 ³
84 4285 134 4336 seu
146 4276 384 4356 possessionum
399 4273 542 4363 Zauwa,
577 4275 686 4344 Zerna
711 4283 750 4342 et
764 4275 868 4341 Borra
887 4279 1075 4340 vocatarum
1089 4275 1125 4340 in
1142 4276 1199 4342 Oa

85 4373 187 4450 nitatu
214 4381 257 4450 de
272 4383 408 4450 Barana
429 4401 472 4448 cx
501 4382 568 4450 ista
585 4389 675 4468 parte
690 4382 781 4467 fluuij
799 4381 921 4448 Drawe
952 4381 1147 4449 situatarnnr
1165 4391 1198 4451 et

85 4483 292 4578 enatandum,
303 4509 377 4558 eum
388 4489 537 4558 omnibus
547 4489 616 4560 suis
626 4489 824 4558 utilitatibus
835 4497 868 4556 et
877 4489 1199 4578 pertinencijs;itern

87 4592 201 4664 nalem
211 4595 417 4669 medictatem
427 4595 536 4666 (tastri
552 4590 707 4682 Moerong
722 4595 832 4666 uocati
842 4598 928 4664 ultra
945 4595 1079 4666 fluuium
1095 4597 1198 4668 Drau-
