3132 5192
110 1247 144 1307 A
169 1245 454 1332 pyalafebdrndri
469 1247 695 1330 ledptalaaucle
711 1248 982 1334 bizoayeciqlecele,
1000 1250 1084 1334 kopp
1099 1251 1243 1316 actuata·

109 1353 318 1438 vdrjobbdpy
332 1354 436 1419 Jdnoa
452 1353 596 1418 Marad
605 1353 657 1435 fia
690 1354 808 1419 Pentele
823 1353 1022 1440 helysepebeu
1037 1355 1107 1422 Ζέυὸ
1122 1359 1244 1424 motois

250 1460 394 1527 stactes
409 1461 525 1526 Lento
539 1460 660 1544 addai
679 1463 847 1546 cajdctnat
862 1461 978 1526 elada.
996 1463 1093 1530 1292.

227 1653 410 1741 Capitulum
426 1657 573 1722 Ecclesie
589 1657 684 1723 Beati
700 1657 868 1725 Mieahelis
889 1657 1065 1742 Arcangeli
1079 1659 1241 1727 Transsil·

109 1783 203 1830 nane
218 1764 379 1830 uniuersis
396 1762 516 1829 Christi
532 1763 681 1832 fidelibus
696 1773 764 1832 tam
780 1767 988 1852 presentibus
1004 1786 1101 1849 quam
1125 1767 1242 1834 futuris

108 1889 253 1956 presens
268 1870 423 1956 scriptum
439 1872 635 1958 inspecturis
651 1872 789 1939 salutem
804 1873 837 1938 in
850 1872 963 1939 salutis
982 1874 1149 1957 largitore.
1166 1875 1243 1942 Vni·

108 1999 284 2046 uersorum
311 1980 430 2046 notieie
454 1979 568 2047 harum
595 1981 679 2047 serie
707 1981 929 2048 declaramus:
955 1980 1049 2061 Quod
1075 1981 1243 2052 Johanncs

1 2100 2 2106 ’
107 2087 203 2154 iilius
218 2087 375 2172 Marcelli,
392 2107 492 2172 nepos
509 2088 643 2153 Martini
659 2087 718 2173 filij
735 2087 836 2176 Vasa,
855 2088 984 2172 iobagio
1001 2087 1108 2156 Castri
1125 2087 1168 2155 de
1177 2079 1243 2166 ,zc-

106 2197 193 2280 nuk,
211 2195 426 2280 personaliter
442 2217 550 2264 coram
567 2196 661 2265 nobis
679 2197 904 2282 comparendo,
919 2203 1038 2264 terram
1065 2218 1158 2264 suam
1191 2197 1243 2265 be-

105 2303 312 2390 reditariam,
329 2311 364 2370 ut
380 2305 466 2371 idem
495 2305 586 2389 dixit,
602 2304 647 2371 ad
663 2305 851 2390 porcionem
866 2305 935 2372 eius
953 2305 986 2370 in
1003 2306 1145 2388 quadam
1156 2313 1243 2374 terra

1 2463 2 2496 3
104 2411 243 2478 Pentek
260 2411 426 2479 nominata
441 2413 617 2498 cedentem,
645 2411 733 2480 Babe
750 2418 782 2478 et
806 2409 888 2496 Ood,
913 2413 1141 2496 iobagionibus
1166 2415 1243 2482 dicti

1 2526 2 2601 j
106 2519 231 2606 Castri,
249 2539 306 2603 pro
324 2539 370 2606 se,
388 2527 420 2584 et
435 2519 510 2604 alijs
535 2519 765 2604 iobagionibus
791 2519 935 2588 eiusdem
961 2521 1067 2588 Castri
1093 2522 1244 2588 similiter

1 2630 3 2699 ἑ
103 2627 326 2713 personaliter
341 2629 520 2694 astantibus
536 2634 568 2694 et
593 2647 784 2695 eonsensum
810 2627 1049 2712 exhibentibus,
1077 2649 1150 2695 oum
1177 2651 1241 2698 om-

1 2729 2 2818 f
102 2736 207 2800 nibus
231 2734 427 2802 utilitatibus
453 2736 521 2801 suis
546 2741 580 2800 et
604 2735 823 2821 pertinenciJ's,
841 2736 934 2802 siluis
960 2734 1095 2822 seilicet,
1121 2739 1235 2822 pratis,

2 2857 9 2871 ‘
77 2851 81 2859 '
106 2841 241 2926 tenetis,
257 2848 289 2908 et
305 2841 432 2928 ryuulo,
449 2843 508 2910 sub
526 2842 646 2910 eisdem
663 2843 806 2927 antiquis
834 2844 938 2930 metis,
955 2843 1068 2927 signis,
1096 2863 1154 2910 seu
1180 2851 1240 2910 ter-

105 2950 221 3036 minis,
239 2949 445 3033 quibusoam
470 2949 555 3016 idem
581 2950 748 3018 lohannes
773 2951 888 3019 habuit
914 2959 946 3018 et
970 2953 1126 3039 possedit,
1152 2952 1241 3020 dedit

103 3057 248 3124 tradidit
262 3065 295 3123 et
310 3059 567 3126 irreuocabiliter
582 3058 730 3126 vendidit
746 3059 902 3126 Ladizlao
918 3055 1098 3143 Woyuodc,
1125 3063 1157 3124 et
1182 3077 1241 3142 per

102 3167 270 3232 eum'suis
286 3167 526 3236 successoribus
546 3165 615 3234 iure
631 3173 789 3252 perpetuo
806 3164 1036 3250 possidendam
1053 3171 1086 3230 et
1119 3165 1237 3230 haben·

104 3272 195 3358 dam,
212 3293 272 3359 pro
289 3273 402 3358 viginti
419 3274 538 3340 mareis
549 3273 693 3358 argenti,
710 3275 751 3338 ab
763 3272 876 3340 eodem
886 3270 1233 3357 LadizlaoWoyuoda,

16 3402 21 3412 ·
102 3382 191 3448 sicut
208 3381 296 3446 idem
314 3379 481 3448 lohannes
498 3381 590 3464 dixit,
608 3401 665 3466 per
682 3379 819 3447 eundem
836 3380 932 3464 plere,
957 3379 1079 3446 habitis
1105 3385 1138 3443 et
1162 3399 1237 3462 per·

103 3490 227 3574 ceptis;
245 3489 432 3556 condicione
450 3489 676 3556 nichilominus
695 3487 876 3554 huiusmodi
902 3486 1076 3573 mediante,
1093 3486 1179 3569 quod
1196 3489 1238 3552 ab

1 3646 2 3650 ,
102 3597 258 3664 omnibus
274 3595 386 3664 litibus
404 3604 436 3663 et
452 3597 674 3680 questionibus
690 3597 759 3660 ullo
775 3614 928 3676 umquam
940 3601 1084 3680 ternpore
1103 3593 1235 3661 racione

1 3687 2 3692 ἵ
102 3705 190 3772 diets
207 3711 296 3770 terre
312 3724 370 3789 per
386 3703 572 3788 quempiam
585 3703 835 3789 emergentibus,
852 3709 1033 3788 pretaetum
1043 3701 1237 3768 Ladizlaum

1 3815 2 3823 ’
103 3813 311 3898 Woyuodam
337 3811 423 3877 idem
440 3811 608 3879 Jobauncs
625 3812 766 3898 proprijs
782 3811 946 3878 laboribus
962 3819 994 3876 et
1011 3811 1163 3894 expensis
1192 3819 1236 3875 te·
1311 3817 1314 3822 “

103 3919 235 3987 uehitur
252 3921 416 4004 expedire.
433 3920 470 3985 In
487 3921 578 3986 euius
596 3923 642 3987 rei
659 3921 878 3986 testimonium
906 3925 1162 4004 perpetuamque
1187 3919 1235 3982 iir-

1 4079 2 4086 ,
105 4028 264 4114 mitatem,
280 4028 324 4094 ad
339 4028 534 4112 peticionem
545 4035 584 4098 ‚et
600 4027 794 4094 instanciam
810 4027 1037 4112 predictorum,
1068 4032 1234 4110 presentes

1 4188 2 4211 2
104 4137 328 4206 concessimus
345 4136 471 4202 litteras
490 4135 666 4202 munimine
683 4135 783 4206 nostri
801 4135 903 4218 sigilli
920 4136 1097 4201 robotutas.
1115 4133 1235 4198 Datum

1 4273 2 4279 ¹
102 4247 262 4330 Magistro
279 4242 441 4310 Michaele
466 4244 657 4329 Prepesito,
683 4242 841 4326 Gregorio
867 4241 1016 4323 Cantore,
1041 4241 1146 4306 Paulo
1172 4239 1234 4304 Ou-

1 4353 2 4423 3
102 4353 205 4437 stude,
220 4351 323 4418 Saulo
339 4350 471 4417 Decano
500 4351 647 4418 Ecclesie
675 4357 786 4417 nostre
813 4348 1035 4432 existentibus,
1063 4367 1149 4411 anno
1175 4347 1236 4411 Dc-

1 4434 3 4454 ’
101 4459 180 4526 mini
196 4455 323 4525 bl⁰OC⁰
338 4459 550 4541 nonagesimo
575 4455 725 4524 secundo.

1 4671 3 4769 p
99 4659 241 4726 (Eredetie
255 4650 434 4721 bdrhdrtydn,
448 4652 542 4722 peoset
565 4653 671 4716 nerunt,
696 4669 714 4706 a
739 4653 803 4721 grdi
824 4651 901 4704 Bane
925 4651 1018 4705 esalsid
1044 4647 1233 4708 lavdltardbsu

460 4743 644 4801 Keleasvirtt.
659 4743 746 4798 strue
760 4740 875 4810 Ktroly)

1087 4831 1127 4901 fit
