3234 5194
837 359 995 458 A

355 563 467 620 contru
484 553 647 620 elbertum
674 555 798 620 Ducem
814 556 960 640 Austris,
980 555 1081 623 filium
1107 555 1209 640 Regis
1224 557 1415 636 Romanum,
1430 576 1505 640 pro

355 659 473 726 iniuria
489 661 582 729 nobis
596 662 688 726 illata
704 667 850 730 nostrum
881 665 1056 730 exercitum
1073 665 1308 746 mouissemus‚
1327 669 1360 728 et
1376 663 1422 728 ad
1438 682 1490 728 ve

355 766 529 833 nerubilem
545 768 722 834 Ecclesiam
739 774 882 836 nostram
907 770 1083 837 Albensem
1106 791 1167 857 pro
1184 771 1348 838 elenando
1365 771 1504 838 uexillo

354 880 463 940 nostro
480 873 746 961 accessissemus;
764 879 918 960 Magister
934 877 1328 963 'l'lueodorusPrepositus
1339 878 1501 945 eiusdem

355 980 508 1069 Ecclesie,
524 983 600 1049 aule
615 992 723 1050 nostre
739 984 818 1051 Vice
843 981 1075 1071 Cancellariuu,
1092 983 1209 1056 Comes
1224 985 1406 1056 Ludizlaus
1423 988 1501 1054 fra·

322 1131 331 1146 s
354 1092 403 1154 ter
420 1086 562 1156 eiusdem
579 1090 758 1178 Proponit,
784 1100 816 1158 et
832 1093 987 1162 Nicolaus
1002 1093 1087 1162 filius
1104 1096 1256 1181 Nyeolui,
1274 1097 1360 1164 lilius
1376 1094 1500 1160 fratris

354 1196 537 1282 eorundem,
565 1197 674 1263 dilecti
701 1206 732 1265 et
748 1199 860 1266 fideles
884 1205 987 1268 nostri
1004 1202 1223 1271 exhibuerunt
1239 1204 1335 1271 nobis
1351 1203 1497 1289 priuile-

352 1301 441 1384 gium
458 1300 579 1366 domini
594 1303 744 1369 Ludizlui
759 1306 868 1390 Regis,
892 1306 1058 1373 karissimi
1074 1307 1186 1378 fratris
1202 1311 1306 1376 nostri
1322 1311 1498 1395 patruelis

352 1407 465 1473 inclite
479 1407 728 1497 recordacionis,
744 1433 841 1498 super
856 1414 1065 1482 collusionem
1092 1414 1181 1504 (lgy)
1196 1423 1282 1484 terre
1299 1416 1498 1503 Ohueleldy

353 1520 477 1600 uocate,
496 1522 642 1599 petentes
658 1539 730 1584 oum
755 1521 925 1608 instancia,
944 1529 978 1588 ut
1003 1523 1110 1607 ipsum
1134 1524 1350 1609 priuilegium
1367 1544 1494 1610 appro-

352 1623 440 1706 bare,
465 1624 627 1692 ratificsre
652 1633 684 1691 et
708 1631 816 1695 nostro
847 1627 1057 1712 dignaremur
1083 1631 1260 1716 priuilegio
1278 1635 1491 1700 confirmare.

351 1727 449 1796 Ouius
465 1729 595 1812 quidem
613 1732 776 1818 priuilegij
796 1741 888 1801 tenor
904 1737 979 1804 talis
996 1744 1065 1805 est:

458 1837 631 1903 Ladinlaus
647 1840 687 1903 D.
704 1859 750 1922 gr.
766 1842 933 1924 Hungarie
949 1846 1009 1910 stb.
1027 1847 1096 1913 Rex
1110 1847 1173 1913 utb.
1192 1847 1411 1934 (kevetkezik
1429 1850 1492 1916 IV.

350 1941 465 2007 Luszlt
481 1941 660 2026 kirtlynuk
679 1947 814 2012 1274-ki
824 1947 1093 2034 adomanyleuele
1105 1953 1186 2020 mint
1196 1957 1491 2042 gyttjtemenyunk

349 2044 408 2111 IX.
426 2050 541 2131 vsgyis
556 2068 577 2112 u
592 2050 742 2115 musodik
756 2051 879 2138 lolyam
896 2057 953 2122 IV.
970 2057 1156 2128 kotetebcn.
1173 2065 1226 2130 66.
1254 2061 1294 2149 l.)

456 2154 524 2218 Nos
557 2155 667 2236 itaque
691 2159 904 2240 peticionibus
939 2165 1116 2232 eorundem
1142 2167 1316 2258 Prepositi,
1344 2169 1490 2239 Comitis

349 2257 498 2324 Ladizlui
509 2267 541 2324 et
551 2261 688 2342 Nycolai
704 2264 797 2332 iustis
809 2275 840 2334 et
851 2269 1008 2352 legitimis
1019 2274 1250 2343 fauorabiliter
1259 2279 1427 2368 inclinati,
1438 2281 1490 2366 ip-

348 2383 417 2429 sum
434 2365 639 2449 priuilegium
657 2366 778 2437 domini
794 2375 942 2443 Ladizlai
958 2381 1057 2463 Regis
1073 2403 1137 2447 non
1155 2384 1388 2473 cancellatum,
1418 2409 1488 2454 non

353 2471 516 2555 abrasum,
533 2491 596 2538 non
613 2474 822 2566 diminutum,
842 2484 951 2549 necin
968 2487 1082 2569 ulique
1113 2490 1165 2556 sui
1191 2498 1286 2576 parte
1312 2493 1489 2578 uiciatum,

348 2573 392 2640 de
408 2576 505 2641 uerbo
521 2576 564 2640 ad
581 2579 712 2646 uerbum
728 2587 931 2666 presentibus
948 2590 1049 2658 inseri
1067 2593 1204 2662 fecimus
1222 2606 1255 2664 et
1275 2607 1390 2666 nostro
1419 2602 1486 2688 pri·

348 2679 467 2761 uilegio
483 2685 648 2750 comuniri.
673 2687 709 2753 lu
736 2693 826 2756 cuius
853 2694 899 2758 rei
924 2701 1112 2767 memoriam
1138 2713 1404 2792 perpetuamque
1431 2707 1485 2772 lir-

348 2786 491 2852 mitatem
508 2797 671 2872 presentes
689 2799 904 2866 concessimus
921 2802 1046 2870 litteras
1064 2805 1231 2894 duppliois
1252 2813 1356 2898 sigilli
1375 2819 1484 2882 nostri

348 2891 522 2958 munimine
539 2895 717 2984 roboratas,
732 2901 843 2983 sigilla
858 2909 1096 2977 venerabilium
1112 2923 1253 3000 patrum,
1280 2919 1480 2987 dilectorum

348 3003 381 3096 et
395 3000 537 3067 fidelium
553 3011 741 3091 nostrorum,
756 3009 938 3097 Lodomerij
955 3019 1017 3083 Dei
1032 3023 1148 3102 gracia
1166 3025 1420 3118 Strigoniensis,
1448 3039 1486 3098 et

346 3103 504 3172 Johannis
523 3105 710 3177 Colocensis
735 3113 1057 3206 Archiepiscoporum
1087 3131 1209 3214 apponi
1238 3131 1380 3202 fecimus
1406 3139 1484 3204 vbe-

346 3211 461 3278 riorem
478 3213 519 3279 ud
535 3219 706 3284 cantelam.
724 3220 842 3289 Datum
860 3247 917 3310 per
932 3247 1047 3297 manus
1059 3236 1196 3318 predicti
1211 3240 1363 3324 Magistri
1375 3241 1484 3311 Theo·

345 3317 415 3382 dori
446 3321 615 3407 Prepesiti,
656 3326 730 3391 aule
761 3338 868 3398 nostre
899 3334 1189 3430 viee-Ocncellurij
1224 3369 1313 3415 anno
1347 3353 1484 3420 Domini

344 3427 463 3494 ΜὈΟ0
478 3431 688 3512 nonagesimo
703 3435 818 3516 primo,
844 3441 958 3523 quinto
983 3443 1096 3514 Nonas
1113 3451 1134 3516 J
1138 3451 1203 3538 ulii,
1219 3455 1337 3538 vRegni
1365 3465 1480 3525 autem

345 3533 444 3600 nostri
462 3554 548 3600 auno
564 3537 676 3617 primo.

343 3741 482 3806 (Eredetie
505 3761 523 3798 u
547 3748 636 3812 Rumy
653 3747 745 3822 uultu
780 3754 992 3826 levtltlribun,
1014 3765 1149 3823 muoruu
1171 3780 1483 3842 umsgyurulrsdemia

805 3844 990 3920 irutttrtbsu.)

830 4129 1005 4144 ’4-ὴῂ
