3146 5192
862 315 1022 430 Q

368 538 454 595 tunc
469 526 660 614 specialiter
676 546 747 592 cum
774 526 952 592 exercitum
969 525 1187 592 monissemus
1212 531 1323 590 contm
1339 521 1498 592 dominum

368 635 545 704 altbertum
572 655 611 703 eo
626 641 772 720 ternpore
787 633 912 700 Ducem
927 633 1061 700 dustria
1077 637 1111 698 et
1125 633 1257 720 Styrye,
1272 631 1426 700 inimicum
1437 653 1498 698 -no
1554 645 1556 726 ἦ

369 749 478 808 strum
493 743 683 830 specialem,
712 760 800 808 nunc
831 748 939 808 autern
973 741 1096 826 Regem
1121 742 1339 808 Romanorum
1368 739 1500 826 Semper

377 849 569 934 Augustum,
585 855 710 936 patrem
726 853 871 916 nostrum
897 847 1131 934 karissimum,
1163 847 1250 915 idem
1266 847 1416 934 Magister
1430 848 1500 916 Ste
1554 909 1556 944 Ι

378 956 506 1042 phanus
522 959 558 1024 te
576 954 716 1023 diuersis
731 955 864 1022 somnne
879 955 1011 1022 casibus
1026 954 1247 1023 submittendo
1263 955 1355 1024 nobis
1370 974 1500 1022 cerneu-
1554 947 1556 1000 ἵ

370 1063 463 1132 tibus
480 1083 561 1149 opus
578 1062 750 1130 consueuit
777 1059 864 1150 (tgy)
881 1063 1013 1129 uirtutis
1030 1083 1096 1130 non
1120 1058 1297 1144 deserens,
1322 1060 1499 1130 dimicando
1554 1067 1556 1146 ξ

376 1169 587 1236 laudabiliter
603 1167 797 1254 obsequium
813 1169 957 1236 exercuit
973 1170 1176 1256 graciosum,
1195 1175 1308 1255 rtpotc
1318 1170 1411 1236 miles
1424 1178 1501 1238 stre·
1554 1157 1556 1274 ff

376 1295 459 1344 unua
475 1277 588 1344 subtus
603 1281 745 1344 eastmm
777 1275 933 1363 Vyeuue,
964 1277 1104 1344 aduerso
1134 1279 1238 1361 partis
1270 1275 1419 1345 videlicet
1433 1279 1501 1346 acio

315 1417 318 1425 ·
374 1382 648 1452 'theutonicorum
664 1383 810 1470 inpetum
825 1402 890 1449 uon
906 1383 1099 1470 formidans,
1116 1402 1178 1451 uec
1194 1384 1432 1452 multitudinem
1447 1384 1502 1452 bo·
1552 1461 1556 1498 ⁴

372 1493 473 1558 stium
491 1510 740 1578 expauessceus,
757 1489 901 1557 letaliter
917 1491 1027 1557 extitit
1042 1491 1229 1559 vulneratus.
1246 1493 1327 1558 Item
1344 1510 1415 1558 cum
1438 1491 1499 1559 lto
1553 1499 1556 1596 l

374 1598 499 1666 landus
515 1599 700 1688 Woywada
712 1605 745 1667 et
760 1598 877 1666 fratres
888 1599 939 1666 aui
954 1599 1016 1684 filij
1031 1599 1156 1667 'l'home
1171 1609 1286 1666 contra
1301 1621 1361 1666 nos
1377 1619 1503 1686 proees-
1554 1603 1556 1654 ἲ

376 1709 498 1775 sissent
513 1728 597 1776 ausu
609 1707 819 1793 themerarie,
831 1715 985 1774 eteorum
996 1715 1136 1775 castmm
1148 1707 1273 1775 hdr-lau
1285 1715 1500 1794 nuncupatum
1553 1655 1556 1776 i

377 1814 561 1884 laceremus
576 1816 769 1901 expugnari,
788 1813 875 1881 idem
891 1814 1048 1900 Magister
1058 1813 1243 1901 Stephanus
1260 1823 1415 1883 consueta
1428 1813 1502 1881 fide·

377 1922 468 1988 lttate
483 1921 545 1987 sub
560 1919 676 1990 eodem
692 1927 800 1988 castro
815 1920 939 1987 Adrian
968 1921 1091 1988 ulnera
1116 1921 1231 1990 letalia
1256 1923 1379 2008 recepit
1408 1940 1502 2008 super

375 2047 423 2096 se.
442 2029 598 2095 Nolentes
614 2028 717 2114 ipsius
734 2027 884 2113 Magistri
900 2026 1057 2114 Stephani
1077 2029 1246 2096 meritoria
1262 2027 1420 2113 obsequia
1433 2029 1498 2094 siue
1552 2031 1556 2194 Ι

378 2135 535 2202 beneficio
551 2135 828 2205 remuneracionis
852 2138 1074 2223 pertransire,
1107 2137 1150 2204 de
1173 2138 1376 2220 benignitate
1391 2137 1499 2221 Regia,
1541 2143 1545 2152 '

373 2242 453 2310 lieet
468 2243 682 2329 amplioribus
699 2251 733 2309 et
747 2243 933 2330 pociorlbns
950 2241 1070 2327 dignus
1095 2241 1415 2310 remuneracionibus
1430 2243 1498 2310 fuis·

376 2355 449 2427 set3
467 2357 577 2420 umen
592 2350 638 2417 ad
652 2351 838 2417 memoriam
848 2348 1022 2415 lutnrorum
1039 2356 1073 2416 ct
1087 2347 1121 2416 in
1138 2347 1406 2416 reformationem
1421 2357 1499 2418 cete·

372 2475 483 2524 rorum
498 2455 585 2524 banc
610 2457 755 2542 graciam
782 2456 957 2542 specialem
974 2455 1079 2523 cidem
1104 2457 1261 2542 Magistro
1277 2456 1455 2542 Stephano,
1472 2463 1501 2521 et

379 2581 437 2647 per
453 2584 528 2631 curn
545 2565 613 2632 anis
630 2563 803 2632 heredibus
821 2562 973 2630 duximus
999 2561 1205 2630 faciendam:
1223 2563 1310 2648 quod
1324 2564 1405 2647 qnia
1419 2563 1498 2630 idem

379 2669 536 2754 Magister
551 2669 736 2756 Stephanus
753 2668 895 2738 assiduis
912 2670 980 2738 suis
996 2669 1209 2755 querimonija
1225 2672 1321 2738 nobis
1337 2670 1498 2754 recitabat,

376 2778 465 2861 quod
482 2778 596 2867 populi
611 2799 669 2847 seu
695 2778 898 2865 yobagiones
912 2777 1016 2862 ipsius
1046 2777 1081 2844 iu
1112 2778 1181 2844 suis
1204 2779 1367 2846 uniuersis
1382 2795 1500 2864 posses

377 2883 525 2954 sionibus
541 2884 730 2973 residentes,
741 2883 1139 2971 dampua,destrucciones
1150 2885 1386 2968 etgrauamina
1396 2905 1499 2971 qram-

378 2993 522 3076 plurima
537 3012 597 3078 per
616 2993 746 3077 judicia
776 2997 809 3060 et
833 2991 981 3060 feritates
1012 2992 1254 3060 sententiarum
1270 2991 1429 3060 Comitum
1446 2993 1497 3059 Pa·

378 3099 569 3166 rochialium
594 3107 627 3165 et
652 3100 800 3168 Ouriales
825 3097 967 3168 Comites
993 3099 1186 3183 eorundem,
1214 3100 1357 3166 maxime
1374 3119 1432 3185 per
1447 3098 1498 3164 Go-

372 3203 918 3273 mltemdeWolkowetGurialem
928 3204 1497 3290 Oomitemeiusdemsuntperpessi5

378 3313 514 3382 eundem
546 3311 738 3398 Magistrum
770 3311 983 3398 Stephanum,
999 3319 1032 3381 et
1063 3311 1201 3398 populos
1225 3330 1284 3378 seu
1307 3313 1499 3399 yobagiones
1554 3359 1556 3368 .

376 3419 481 3505 ipsius
500 3421 681 3505 uniuersos,
701 3427 915 3504 congregatos
931 3439 1030 3506 super
1046 3417 1269 3506 possessiones
1284 3417 1427 3487 eiusdem
1436 3421 1505 3485 vni·
1553 3369 1556 3516 i

377 3545 490 3594 uersas
507 3527 544 3592 in
560 3525 725 3594 Oomitatu
742 3525 784 3592 de
800 3526 964 3609 Wolkow,
981 3547 1079 3610 quam
1095 3527 1129 3591 in
1145 3525 1223 3610 alijs
1240 3523 1452 3592 comitatem
1469 3526 1498 3591 in
1554 3553 1556 3618 3

378 3633 491 3716 Regno
508 3638 619 3700 nostro
636 3633 805 3717 Hungarie
822 3633 1014 3718 constitutis,
1041 3631 1200 3716 ajudicio
1226 3638 1259 3698 et
1272 3629 1497 3715 jurisdieaione
1554 3633 1556 3642 ’

378 3758 436 3807 seu
452 3747 615 3823 potestate
632 3739 767 3806 (inmitis
784 3739 826 3808 de
851 3739 1002 3808 Wallrow
1028 3747 1061 3806 et
1092 3738 1235 3806 Cerialis
1268 3739 1401 3805 Comitis
1418 3739 1496 3804 eius·
1554 3777 1556 3810 l

378 3847 463 3934 dem,
482 3867 521 3912 ac
546 3847 682 3914 aliorum
708 3845 866 3914 Comitum
895 3847 1173 3932 Parrochialinm,
1206 3855 1238 3912 et
1252 3847 1288 3913 in
1315 3849 1428 3930 quouis
1443 3845 1497 3914 Oo-

377 3955 511 4024 mitlbus
540 3953 802 4022 Parrochialibus
834 3961 865 4021 ct
883 3955 1068 4024 Ourialibus
1100 3955 1263 4021 Comitatu
1297 3953 1498 4021 existenoium
1554 3983 1556 4046 p

378 4085 437 4152 pro
461 4069 605 4149 tempore
631 4064 886 4148 constitutorum,
918 4062 1067 4131 duximus
1099 4063 1340 4149 inperpetuum
1367 4063 1497 4130 crimen·
1552 4117 1556 4138 ,

375 4171 448 4237 dos.
481 4172 607 4236 Dentes
638 4167 768 4235 firmiter
798 4169 833 4235 iu
861 4169 1026 4236 mandatis
1053 4169 1176 4237 eisdem
1202 4169 1381 4237 Gentilibus
1396 4187 1496 4247 eorun-
1552 4159 1556 4242 ,ἶ

373 4277 463 4364 dem,
496 4283 529 4342 et
558 4274 745 4362 specialiter
760 4277 877 4343 Comiti
903 4275 944 4344 de
977 4277 1124 4365 Wolkou,
1155 4283 1193 4344 ut
1222 4277 1333 4345 nullus
1361 4279 1494 4363 ipsorum

376 4384 560 4470 predictum
579 4384 770 4470 Magistrum
787 4384 1007 4472 Stephanum,
1040 4383 1179 4452 heredes
1194 4383 1362 4466 atumem,
1387 4403 1425 4454 ac
1439 4383 1496 4450 rui·
1554 4391 1556 4442 ι

375 4509 492 4559 uersos
508 4489 646 4576 populos
671 4511 729 4558 seu
746 4491 938 4576 jobagiones
962 4492 1065 4578 ipsius
1092 4499 1208 4560 contra
1238 4493 1383 4576 graciam
1401 4491 1494 4558 eidem

376 4615 437 4677 per
452 4617 513 4662 noa
527 4597 650 4664 laetam
666 4599 700 4662 iu
718 4598 779 4663 hac
789 4604 882 4683 purte
895 4599 936 4665 de
951 4606 1059 4666 cetero
1076 4597 1197 4667 audeat
1212 4605 1270 4666 aut
1285 4601 1495 4684 presumpmat
1555 4643 1556 4654 ι
