<?xml version="1.0" encoding="UTF-8"?>
<!DOCTYPE html PUBLIC "-//W3C//DTD XHTML 1.0 Transitional//EN"
    "http://www.w3.org/TR/xhtml1/DTD/xhtml1-transitional.dtd">
<html xmlns="http://www.w3.org/1999/xhtml" xml:lang="en" lang="en">
 <head>
  <title>
</title>
<meta http-equiv="Content-Type" content="text/html;charset=utf-8" />
  <meta name='ocr-system' content='tesseract 3.04.00' />
  <meta name='ocr-capabilities' content='ocr_page ocr_carea ocr_par ocr_line ocrx_word'/>
</head>
<body>
  <div class='ocr_page' id='page_1' title='image "./codexdiplomatic03wenzgoog_0260.png"; bbox 0 0 3124 5194; ppageno 0'>
   <div class='ocr_carea' id='block_1_1' title="bbox 890 325 957 394">
    <p class='ocr_par' dir='ltr' id='par_1_1' title="bbox 890 325 957 394">
     <span class='ocr_line' id='line_1_1' title="bbox 890 325 957 394; baseline -0.03 1"><span class='ocrx_word' id='word_1_1' title='bbox 890 325 957 394; x_wconf 70' lang='lat'><strong>220</strong></span> 
     </span>
    </p>
   </div>
   <div class='ocr_carea' id='block_1_2' title="bbox 347 505 1561 2325">
    <p class='ocr_par' dir='ltr' id='par_1_2' title="bbox 347 505 1561 2325">
     <span class='ocr_line' id='line_1_2' title="bbox 347 505 1492 612; baseline -0.023 -16"><span class='ocrx_word' id='word_1_2' title='bbox 347 505 1379 612; x_wconf 70' lang='lat' dir='ltr'><strong>etdeuotepostulauitutaliquemexnobisadreambulaudas</strong></span> <span class='ocrx_word' id='word_1_3' title='bbox 1388 512 1492 572; x_wconf 81' lang='lat' dir='ltr'><strong>terrae</strong></span> 
     </span>
     <span class='ocr_line' id='line_1_3' title="bbox 350 611 1488 714; baseline -0.022 -12"><span class='ocrx_word' id='word_1_4' title='bbox 350 633 495 702; x_wconf 86' lang='lat' dir='ltr'><strong>eiusdem</strong></span> <span class='ocrx_word' id='word_1_5' title='bbox 511 641 580 699; x_wconf 89' lang='lat' dir='ltr'><strong>tam</strong></span> <span class='ocrx_word' id='word_1_6' title='bbox 591 629 818 710; x_wconf 80' lang='lat' dir='ltr'><strong>hereditarias,</strong></span> <span class='ocrx_word' id='word_1_7' title='bbox 836 625 964 714; x_wconf 85' lang='lat' dir='ltr'><strong>(quam)</strong></span> <span class='ocrx_word' id='word_1_8' title='bbox 975 623 1137 708; x_wconf 83' lang='lat' dir='ltr'><strong>aquisitae</strong></span> <span class='ocrx_word' id='word_1_9' title='bbox 1147 626 1179 687; x_wconf 89' lang='lat' dir='ltr'><strong>et</strong></span> <span class='ocrx_word' id='word_1_10' title='bbox 1193 611 1488 702; x_wconf 83' lang='lat' dir='ltr'><strong>empticiaeinDi·</strong></span> 
     </span>
     <span class='ocr_line' id='line_1_4' title="bbox 350 719 1486 810; baseline -0.021 0"><span class='ocrx_word' id='word_1_11' title='bbox 350 739 466 810; x_wconf 86' lang='lat' dir='ltr'><strong>striotu</strong></span> <span class='ocrx_word' id='word_1_12' title='bbox 475 741 666 809; x_wconf 89' lang='lat' dir='ltr'><strong>Zaladiensi</strong></span> <span class='ocrx_word' id='word_1_13' title='bbox 675 740 853 808; x_wconf 83' lang='lat' dir='ltr'><strong>existentes</strong></span> <span class='ocrx_word' id='word_1_14' title='bbox 862 734 1165 802; x_wconf 75' lang='lat' dir='ltr'><strong>transmitteremus.</strong></span> <span class='ocrx_word' id='word_1_15' title='bbox 1186 728 1297 794; x_wconf 79' lang='lat' dir='ltr'><strong>Cuius</strong></span> <span class='ocrx_word' id='word_1_16' title='bbox 1309 719 1486 808; x_wconf 87' lang='lat' dir='ltr'><strong>peticiones</strong></span> 
     </span>
     <span class='ocr_line' id='line_1_5' title="bbox 351 825 1487 928; baseline -0.02 -13"><span class='ocrx_word' id='word_1_17' title='bbox 351 869 412 916; x_wconf 87' lang='lat' dir='ltr'><strong>nos</strong></span> <span class='ocrx_word' id='word_1_18' title='bbox 427 849 576 918; x_wconf 86' lang='lat' dir='ltr'><strong>videntes</strong></span> <span class='ocrx_word' id='word_1_19' title='bbox 592 869 665 918; x_wconf 87' lang='lat' dir='ltr'><strong>esse</strong></span> <span class='ocrx_word' id='word_1_20' title='bbox 681 847 874 928; x_wconf 76' lang='lat' dir='ltr'><strong>laudabiles,</strong></span> <span class='ocrx_word' id='word_1_21' title='bbox 890 843 1137 910; x_wconf 75' lang='lat' dir='ltr'><strong>ethonestasae</strong></span> <span class='ocrx_word' id='word_1_22' title='bbox 1155 830 1335 902; x_wconf 91' lang='lat' dir='ltr'><strong>nobilitati</strong></span> <span class='ocrx_word' id='word_1_23' title='bbox 1347 825 1487 896; x_wconf 82' lang='lat' dir='ltr'><strong>eiusdem</strong></span> 
     </span>
     <span class='ocr_line' id='line_1_6' title="bbox 353 937 1491 1042; baseline -0.023 -19"><span class='ocrx_word' id='word_1_24' title='bbox 353 957 581 1042; x_wconf 85' lang='lat' dir='ltr'><strong>admittendas,</strong></span> <span class='ocrx_word' id='word_1_25' title='bbox 597 977 696 1024; x_wconf 84' lang='lat' dir='ltr'><strong>vnum</strong></span> <span class='ocrx_word' id='word_1_26' title='bbox 713 975 753 1021; x_wconf 87' lang='lat' dir='ltr'><strong>ex</strong></span> <span class='ocrx_word' id='word_1_27' title='bbox 769 955 864 1020; x_wconf 92' lang='lat' dir='ltr'><strong>nobis</strong></span> <span class='ocrx_word' id='word_1_28' title='bbox 879 949 1073 1033; x_wconf 75' lang='lat' dir='ltr'><strong>Magistrum</strong></span> <span class='ocrx_word' id='word_1_29' title='bbox 1097 944 1291 1012; x_wconf 88' lang='lat' dir='ltr'><strong>Jobannem</strong></span> <span class='ocrx_word' id='word_1_30' title='bbox 1319 937 1491 1004; x_wconf 73' lang='lat' dir='ltr'><strong>cantorem</strong></span> 
     </span>
     <span class='ocr_line' id='line_1_7' title="bbox 353 1039 1490 1148; baseline -0.022 -17"><span class='ocrx_word' id='word_1_31' title='bbox 353 1064 497 1130; x_wconf 80' lang='lat' dir='ltr'><strong>Ecclesie</strong></span> <span class='ocrx_word' id='word_1_32' title='bbox 513 1075 633 1148; x_wconf 89' lang='lat' dir='ltr'><strong>nostre,</strong></span> <span class='ocrx_word' id='word_1_33' title='bbox 650 1061 773 1129; x_wconf 87' lang='lat' dir='ltr'><strong>socium</strong></span> <span class='ocrx_word' id='word_1_34' title='bbox 789 1067 822 1126; x_wconf 89' lang='lat' dir='ltr'><strong>et</strong></span> <span class='ocrx_word' id='word_1_35' title='bbox 837 1053 1099 1124; x_wconf 69' lang='lat' dir='ltr'><strong>concanonicum</strong></span> <span class='ocrx_word' id='word_1_36' title='bbox 1114 1059 1278 1124; x_wconf 71' lang='lat' dir='ltr'><strong>noenum,</strong></span> <span class='ocrx_word' id='word_1_37' title='bbox 1296 1044 1411 1112; x_wconf 88' lang='lat' dir='ltr'><strong>virum</strong></span> <span class='ocrx_word' id='word_1_38' title='bbox 1438 1039 1490 1108; x_wconf 86' lang='lat' dir='ltr'><strong>rti-</strong></span> 
     </span>
     <span class='ocr_line' id='line_1_8' title="bbox 354 1153 1492 1260; baseline -0.023 -22"><span class='ocrx_word' id='word_1_39' title='bbox 354 1191 416 1255; x_wconf 86' lang='lat' dir='ltr'><strong>que</strong></span> <span class='ocrx_word' id='word_1_40' title='bbox 432 1168 600 1260; x_wconf 86' lang='lat' dir='ltr'><strong>prouidum</strong></span> <span class='ocrx_word' id='word_1_41' title='bbox 628 1179 661 1238; x_wconf 91' lang='lat' dir='ltr'><strong>et</strong></span> <span class='ocrx_word' id='word_1_42' title='bbox 687 1169 871 1251; x_wconf 85' lang='lat' dir='ltr'><strong>honestum,</strong></span> <span class='ocrx_word' id='word_1_43' title='bbox 895 1163 938 1230; x_wconf 90' lang='lat' dir='ltr'><strong>ad</strong></span> <span class='ocrx_word' id='word_1_44' title='bbox 963 1157 1219 1229; x_wconf 88' lang='lat' dir='ltr'><strong>reambulaudas</strong></span> <span class='ocrx_word' id='word_1_45' title='bbox 1249 1153 1370 1221; x_wconf 81' lang='lat' dir='ltr'><strong>dictas</strong></span> <span class='ocrx_word' id='word_1_46' title='bbox 1395 1157 1492 1214; x_wconf 83' lang='lat' dir='ltr'><strong>terrae</strong></span> 
     </span>
     <span class='ocr_line' id='line_1_9' title="bbox 355 1257 1493 1364; baseline -0.021 -20"><span class='ocrx_word' id='word_1_47' title='bbox 355 1279 458 1364; x_wconf 89' lang='lat' dir='ltr'><strong>ipsius</strong></span> <span class='ocrx_word' id='word_1_48' title='bbox 475 1277 626 1362; x_wconf 84' lang='lat' dir='ltr'><strong>Gregorij</strong></span> <span class='ocrx_word' id='word_1_49' title='bbox 643 1278 779 1344; x_wconf 82' lang='lat' dir='ltr'><strong>Comitis</strong></span> <span class='ocrx_word' id='word_1_50' title='bbox 805 1274 958 1340; x_wconf 87' lang='lat' dir='ltr'><strong>duximus</strong></span> <span class='ocrx_word' id='word_1_51' title='bbox 983 1265 1272 1346; x_wconf 79' lang='lat' dir='ltr'><strong>trasmittendum5</strong></span> <span class='ocrx_word' id='word_1_52' title='bbox 1303 1260 1365 1343; x_wconf 92' lang='lat' dir='ltr'><strong>qui</strong></span> <span class='ocrx_word' id='word_1_53' title='bbox 1392 1257 1493 1323; x_wconf 83' lang='lat' dir='ltr'><strong>socius</strong></span> 
     </span>
     <span class='ocr_line' id='line_1_10' title="bbox 355 1370 1494 1462; baseline -0.023 -10"><span class='ocrx_word' id='word_1_54' title='bbox 355 1392 465 1452; x_wconf 85' lang='lat' dir='ltr'><strong>noster</strong></span> <span class='ocrx_word' id='word_1_55' title='bbox 480 1384 608 1451; x_wconf 92' lang='lat' dir='ltr'><strong>demum</strong></span> <span class='ocrx_word' id='word_1_56' title='bbox 623 1383 667 1450; x_wconf 88' lang='lat' dir='ltr'><strong>ad</strong></span> <span class='ocrx_word' id='word_1_57' title='bbox 683 1403 743 1450; x_wconf 86' lang='lat' dir='ltr'><strong>nos</strong></span> <span class='ocrx_word' id='word_1_58' title='bbox 760 1381 889 1448; x_wconf 88' lang='lat' dir='ltr'><strong>rediens</strong></span> <span class='ocrx_word' id='word_1_59' title='bbox 905 1379 1000 1445; x_wconf 88' lang='lat' dir='ltr'><strong>uubis</strong></span> <span class='ocrx_word' id='word_1_60' title='bbox 1025 1375 1147 1462; x_wconf 88' lang='lat' dir='ltr'><strong>retulit,</strong></span> <span class='ocrx_word' id='word_1_61' title='bbox 1173 1370 1266 1455; x_wconf 90' lang='lat' dir='ltr'><strong>quod</strong></span> <span class='ocrx_word' id='word_1_62' title='bbox 1297 1372 1494 1432; x_wconf 84' lang='lat' dir='ltr'><strong>memoratae</strong></span> 
     </span>
     <span class='ocr_line' id='line_1_11' title="bbox 355 1473 1493 1573; baseline -0.021 -15"><span class='ocrx_word' id='word_1_63' title='bbox 355 1497 460 1559; x_wconf 87' lang='lat' dir='ltr'><strong>terras</strong></span> <span class='ocrx_word' id='word_1_64' title='bbox 476 1492 552 1558; x_wconf 90' lang='lat' dir='ltr'><strong>dicti</strong></span> <span class='ocrx_word' id='word_1_65' title='bbox 568 1492 703 1558; x_wconf 78' lang='lat' dir='ltr'><strong>Comitis</strong></span> <span class='ocrx_word' id='word_1_66' title='bbox 720 1488 868 1573; x_wconf 83' lang='lat' dir='ltr'><strong>Gregorij</strong></span> <span class='ocrx_word' id='word_1_67' title='bbox 894 1483 1072 1554; x_wconf 81' lang='lat' dir='ltr'><strong>secundum</strong></span> <span class='ocrx_word' id='word_1_68' title='bbox 1098 1479 1349 1548; x_wconf 87' lang='lat' dir='ltr'><strong>continentiam</strong></span> <span class='ocrx_word' id='word_1_69' title='bbox 1374 1473 1493 1538; x_wconf 86' lang='lat' dir='ltr'><strong>littera-</strong></span> 
     </span>
     <span class='ocr_line' id='line_1_12' title="bbox 355 1585 1492 1683; baseline -0.018 -21"><span class='ocrx_word' id='word_1_70' title='bbox 355 1617 425 1663; x_wconf 90' lang='lat' dir='ltr'><strong>rum</strong></span> <span class='ocrx_word' id='word_1_71' title='bbox 441 1607 625 1666; x_wconf 84' lang='lat' dir='ltr'><strong>nostrarum</strong></span> <span class='ocrx_word' id='word_1_72' title='bbox 640 1596 895 1683; x_wconf 87' lang='lat' dir='ltr'><strong>priuilegialium</strong></span> <span class='ocrx_word' id='word_1_73' title='bbox 910 1593 1002 1678; x_wconf 89' lang='lat' dir='ltr'><strong>prius</strong></span> <span class='ocrx_word' id='word_1_74' title='bbox 1018 1589 1135 1656; x_wconf 84' lang='lat' dir='ltr'><strong>exinde</strong></span> <span class='ocrx_word' id='word_1_75' title='bbox 1160 1585 1409 1664; x_wconf 85' lang='lat' dir='ltr'><strong>confectarum,</strong></span> <span class='ocrx_word' id='word_1_76' title='bbox 1426 1597 1492 1645; x_wconf 89' lang='lat' dir='ltr'><strong>con·</strong></span> 
     </span>
     <span class='ocr_line' id='line_1_13' title="bbox 356 1687 1561 1772; baseline -0.02 -1"><span class='ocrx_word' id='word_1_77' title='bbox 356 1704 481 1771; x_wconf 88' lang='lat' dir='ltr'><strong>uocatis</strong></span> <span class='ocrx_word' id='word_1_78' title='bbox 497 1705 645 1772; x_wconf 85' lang='lat' dir='ltr'><strong>omnibus</strong></span> <span class='ocrx_word' id='word_1_79' title='bbox 661 1700 894 1771; x_wconf 85' lang='lat' dir='ltr'><strong>commetaneis</strong></span> <span class='ocrx_word' id='word_1_80' title='bbox 909 1707 942 1766; x_wconf 91' lang='lat' dir='ltr'><strong>et</strong></span> <span class='ocrx_word' id='word_1_81' title='bbox 958 1695 1077 1764; x_wconf 86' lang='lat' dir='ltr'><strong>vicinis</strong></span> <span class='ocrx_word' id='word_1_82' title='bbox 1102 1691 1301 1772; x_wconf 87' lang='lat' dir='ltr'><strong>earundem,</strong></span> <span class='ocrx_word' id='word_1_83' title='bbox 1330 1687 1422 1754; x_wconf 90' lang='lat' dir='ltr'><strong>nullo</strong></span> <span class='ocrx_word' id='word_1_84' title='bbox 1444 1702 1494 1770; x_wconf 88' lang='lat' dir='ltr'><strong>pe·</strong></span> <span class='ocrx_word' id='word_1_85' title='bbox 1560 1753 1561 1758; x_wconf 6' lang='grc' dir='ltr'>ἵ</span> 
     </span>
     <span class='ocr_line' id='line_1_14' title="bbox 356 1791 1561 1897; baseline -0.021 -20"><span class='ocrx_word' id='word_1_86' title='bbox 356 1811 445 1877; x_wconf 86' lang='lat' dir='ltr'><strong>uitus</strong></span> <span class='ocrx_word' id='word_1_87' title='bbox 461 1812 712 1896; x_wconf 87' lang='lat' dir='ltr'><strong>contradicente,</strong></span> <span class='ocrx_word' id='word_1_88' title='bbox 738 1808 976 1897; x_wconf 83' lang='lat' dir='ltr'><strong>perantiquae</strong></span> <span class='ocrx_word' id='word_1_89' title='bbox 999 1811 1113 1888; x_wconf 89' lang='lat' dir='ltr'><strong>metas,</strong></span> <span class='ocrx_word' id='word_1_90' title='bbox 1138 1801 1310 1884; x_wconf 83' lang='lat' dir='ltr'><strong>terminos,</strong></span> <span class='ocrx_word' id='word_1_91' title='bbox 1345 1803 1379 1861; x_wconf 89' lang='lat' dir='ltr'><strong>et</strong></span> <span class='ocrx_word' id='word_1_92' title='bbox 1403 1791 1494 1880; x_wconf 83' lang='lat' dir='ltr'><strong>sigua</strong></span> <span class='ocrx_word' id='word_1_93' title='bbox 1559 1837 1561 1852; x_wconf 66' lang='grc'>,</span> 
     </span>
     <span class='ocr_line' id='line_1_15' title="bbox 357 1907 1561 2004; baseline -0.018 -21"><span class='ocrx_word' id='word_1_94' title='bbox 357 1919 476 2004; x_wconf 88' lang='lat' dir='ltr'><strong>quiete,</strong></span> <span class='ocrx_word' id='word_1_95' title='bbox 493 1928 526 1985; x_wconf 90' lang='lat' dir='ltr'><strong>et</strong></span> <span class='ocrx_word' id='word_1_96' title='bbox 541 1919 676 2004; x_wconf 86' lang='lat' dir='ltr'><strong>pacifice</strong></span> <span class='ocrx_word' id='word_1_97' title='bbox 690 1917 939 1998; x_wconf 86' lang='lat' dir='ltr'><strong>reambulasset,</strong></span> <span class='ocrx_word' id='word_1_98' title='bbox 956 1931 1040 1996; x_wconf 88' lang='lat' dir='ltr'><strong>quas</strong></span> <span class='ocrx_word' id='word_1_99' title='bbox 1057 1907 1186 1993; x_wconf 91' lang='lat' dir='ltr'><strong>quidem</strong></span> <span class='ocrx_word' id='word_1_100' title='bbox 1204 1913 1329 1988; x_wconf 81' lang='lat' dir='ltr'><strong>terrae,</strong></span> <span class='ocrx_word' id='word_1_101' title='bbox 1350 1907 1384 1968; x_wconf 89' lang='lat' dir='ltr'><strong>et</strong></span> <span class='ocrx_word' id='word_1_102' title='bbox 1395 1908 1493 1965; x_wconf 84' lang='lat' dir='ltr'><strong>metae</strong></span> <span class='ocrx_word' id='word_1_103' title='bbox 1559 1935 1561 1976; x_wconf 55' lang='lat' dir='ltr'>f</span> 
     </span>
     <span class='ocr_line' id='line_1_16' title="bbox 357 2007 1561 2108; baseline -0.018 -17"><span class='ocrx_word' id='word_1_104' title='bbox 357 2023 469 2092; x_wconf 76' lang='lat' dir='ltr'><strong>Endos</strong></span> <span class='ocrx_word' id='word_1_105' title='bbox 485 2035 517 2091; x_wconf 90' lang='lat' dir='ltr'><strong>et</strong></span> <span class='ocrx_word' id='word_1_106' title='bbox 532 2025 696 2092; x_wconf 78' lang='lat' dir='ltr'><strong>Adrianus</strong></span> <span class='ocrx_word' id='word_1_107' title='bbox 710 2025 770 2108; x_wconf 88' lang='lat' dir='ltr'><strong>filij</strong></span> <span class='ocrx_word' id='word_1_108' title='bbox 789 2021 928 2105; x_wconf 79' lang='lat' dir='ltr'><strong>Vitatis,</strong></span> <span class='ocrx_word' id='word_1_109' title='bbox 944 2027 976 2086; x_wconf 89' lang='lat' dir='ltr'><strong>et</strong></span> <span class='ocrx_word' id='word_1_110' title='bbox 991 2017 1094 2084; x_wconf 82' lang='lat' dir='ltr'><strong>wlkh</strong></span> <span class='ocrx_word' id='word_1_111' title='bbox 1110 2015 1197 2081; x_wconf 89' lang='lat' dir='ltr'><strong>filius</strong></span> <span class='ocrx_word' id='word_1_112' title='bbox 1213 2014 1313 2099; x_wconf 87' lang='lat' dir='ltr'><strong>Isyp,</strong></span> <span class='ocrx_word' id='word_1_113' title='bbox 1330 2029 1372 2075; x_wconf 86' lang='lat' dir='ltr'><strong>ac</strong></span> <span class='ocrx_word' id='word_1_114' title='bbox 1387 2007 1490 2074; x_wconf 76' lang='lat' dir='ltr'><strong>Marti·</strong></span> <span class='ocrx_word' id='word_1_115' title='bbox 1560 2085 1561 2092; x_wconf 9' lang='grc' dir='ltr'><strong>ἶ</strong></span> 
     </span>
     <span class='ocr_line' id='line_1_17' title="bbox 358 2097 1561 2208; baseline -0.014 -10"><span class='ocrx_word' id='word_1_116' title='bbox 358 2152 420 2200; x_wconf 87' lang='lat' dir='ltr'><strong>nos</strong></span> <span class='ocrx_word' id='word_1_117' title='bbox 435 2134 521 2200; x_wconf 84' lang='lat' dir='ltr'><strong>lilius</strong></span> <span class='ocrx_word' id='word_1_118' title='bbox 537 2131 685 2199; x_wconf 86' lang='lat' dir='ltr'><strong>Ladiulai</strong></span> <span class='ocrx_word' id='word_1_119' title='bbox 699 2151 810 2198; x_wconf 90' lang='lat' dir='ltr'><strong>omnes</strong></span> <span class='ocrx_word' id='word_1_120' title='bbox 836 2140 950 2200; x_wconf 82' lang='lat' dir='ltr'><strong>terrae,</strong></span> <span class='ocrx_word' id='word_1_121' title='bbox 977 2145 1036 2192; x_wconf 85' lang='lat' dir='ltr'><strong>seu</strong></span> <span class='ocrx_word' id='word_1_122' title='bbox 1063 2121 1295 2208; x_wconf 80' lang='lat' dir='ltr'><strong>possessiones</strong></span> <span class='ocrx_word' id='word_1_123' title='bbox 1324 2113 1490 2182; x_wconf 89' lang='lat' dir='ltr'><strong>eorumiu</strong></span> <span class='ocrx_word' id='word_1_124' title='bbox 1558 2097 1561 2181; x_wconf 65' lang='lat' dir='ltr'><strong>t</strong></span> 
     </span>
     <span class='ocr_line' id='line_1_18' title="bbox 360 2207 1561 2325; baseline -0.016 -21"><span class='ocrx_word' id='word_1_125' title='bbox 360 2237 547 2325; x_wconf 79' lang='lat' dir='ltr'><strong>prescriptis</strong></span> <span class='ocrx_word' id='word_1_126' title='bbox 563 2241 681 2308; x_wconf 88' lang='lat' dir='ltr'><strong>litteris</strong></span> <span class='ocrx_word' id='word_1_127' title='bbox 697 2238 816 2306; x_wconf 85' lang='lat' dir='ltr'><strong>nostris</strong></span> <span class='ocrx_word' id='word_1_128' title='bbox 832 2233 1094 2324; x_wconf 88' lang='lat' dir='ltr'><strong>priuilegialibus</strong></span> <span class='ocrx_word' id='word_1_129' title='bbox 1111 2231 1245 2298; x_wconf 87' lang='lat' dir='ltr'><strong>habitas</strong></span> <span class='ocrx_word' id='word_1_130' title='bbox 1263 2235 1300 2294; x_wconf 89' lang='lat' dir='ltr'><strong>et</strong></span> <span class='ocrx_word' id='word_1_131' title='bbox 1310 2240 1489 2309; x_wconf 83' lang='lat' dir='ltr'><strong>expressas,</strong></span> <span class='ocrx_word' id='word_1_132' title='bbox 1559 2207 1561 2252; x_wconf 74' lang='lat'>²</span> 
     </span>
    </p>
   </div>
   <div class='ocr_carea' id='block_1_3' title="bbox 360 2327 1561 2539">
    <p class='ocr_par' dir='ltr' id='par_1_3' title="bbox 360 2327 1561 2539">
     <span class='ocr_line' id='line_1_19' title="bbox 360 2327 1561 2434; baseline -0.021 -19"><span class='ocrx_word' id='word_1_133' title='bbox 360 2345 394 2412; x_wconf 85' lang='lat' dir='ltr'><strong>in</strong></span> <span class='ocrx_word' id='word_1_134' title='bbox 410 2347 543 2429; x_wconf 85' lang='lat' dir='ltr'><strong>Zeguua</strong></span> <span class='ocrx_word' id='word_1_135' title='bbox 558 2357 591 2413; x_wconf 90' lang='lat' dir='ltr'><strong>et</strong></span> <span class='ocrx_word' id='word_1_136' title='bbox 605 2349 695 2434; x_wconf 79' lang='lat' dir='ltr'><strong>Ebys</strong></span> <span class='ocrx_word' id='word_1_137' title='bbox 712 2348 901 2428; x_wconf 82' lang='lat' dir='ltr'><strong>existentes,</strong></span> <span class='ocrx_word' id='word_1_138' title='bbox 919 2362 991 2409; x_wconf 90' lang='lat' dir='ltr'><strong>cum</strong></span> <span class='ocrx_word' id='word_1_139' title='bbox 1017 2338 1205 2422; x_wconf 88' lang='lat' dir='ltr'><strong>attinencijs</strong></span> <span class='ocrx_word' id='word_1_140' title='bbox 1229 2343 1263 2402; x_wconf 91' lang='lat' dir='ltr'><strong>et</strong></span> <span class='ocrx_word' id='word_1_141' title='bbox 1289 2327 1489 2412; x_wconf 75' lang='lat' dir='ltr'><strong>adiacenciis</strong></span> <span class='ocrx_word' id='word_1_142' title='bbox 1559 2337 1561 2422; x_wconf 53' lang='lat' dir='ltr'><strong>&#39;p</strong></span> 
     </span>
     <span class='ocr_line' id='line_1_20' title="bbox 360 2423 1561 2539; baseline -0.019 -20"><span class='ocrx_word' id='word_1_143' title='bbox 360 2453 535 2518; x_wconf 85' lang='lat' dir='ltr'><strong>earundem</strong></span> <span class='ocrx_word' id='word_1_144' title='bbox 553 2454 720 2536; x_wconf 80' lang='lat' dir='ltr'><strong>uniuersis,</strong></span> <span class='ocrx_word' id='word_1_145' title='bbox 737 2476 796 2539; x_wconf 93' lang='lat' dir='ltr'><strong>pro</strong></span> <span class='ocrx_word' id='word_1_146' title='bbox 813 2451 1032 2536; x_wconf 86' lang='lat' dir='ltr'><strong>quadraginta</strong></span> <span class='ocrx_word' id='word_1_147' title='bbox 1056 2465 1115 2513; x_wconf 86' lang='lat' dir='ltr'><strong>sex</strong></span> <span class='ocrx_word' id='word_1_148' title='bbox 1139 2443 1261 2511; x_wconf 88' lang='lat' dir='ltr'><strong>marcis</strong></span> <span class='ocrx_word' id='word_1_149' title='bbox 1288 2441 1358 2526; x_wconf 85' lang='lat' dir='ltr'><strong>ipsi</strong></span> <span class='ocrx_word' id='word_1_150' title='bbox 1382 2435 1493 2503; x_wconf 86' lang='lat' dir='ltr'><strong>Gemiti</strong></span> <span class='ocrx_word' id='word_1_151' title='bbox 1559 2423 1561 2488; x_wconf 68' lang='grc' dir='ltr'>ἕ</span> 
     </span>
    </p>
   </div>
   <div class='ocr_carea' id='block_1_4' title="bbox 360 2543 1561 4676">
    <p class='ocr_par' dir='ltr' id='par_1_4' title="bbox 360 2537 1561 3070">
     <span class='ocr_line' id='line_1_21' title="bbox 360 2543 1487 2647; baseline -0.017 -22"><span class='ocrx_word' id='word_1_152' title='bbox 360 2557 520 2644; x_wconf 80' lang='lat' dir='ltr'><strong>Gregorio</strong></span> <span class='ocrx_word' id='word_1_153' title='bbox 535 2558 583 2647; x_wconf 92' lang='lat' dir='ltr'><strong>(et</strong></span> <span class='ocrx_word' id='word_1_154' title='bbox 598 2561 681 2647; x_wconf 84' lang='lat' dir='ltr'><strong>suis)</strong></span> <span class='ocrx_word' id='word_1_155' title='bbox 693 2560 868 2628; x_wconf 88' lang='lat' dir='ltr'><strong>heredibus</strong></span> <span class='ocrx_word' id='word_1_156' title='bbox 879 2564 1036 2643; x_wconf 87' lang='lat' dir='ltr'><strong>perpetuo</strong></span> <span class='ocrx_word' id='word_1_157' title='bbox 1046 2555 1285 2638; x_wconf 87' lang='lat' dir='ltr'><strong>dignoscuntur</strong></span> <span class='ocrx_word' id='word_1_158' title='bbox 1296 2543 1487 2625; x_wconf 86' lang='lat' dir='ltr'><strong>vendidisse,</strong></span> 
     </span>
     <span class='ocr_line' id='line_1_22' title="bbox 362 2653 1561 2750; baseline -0.016 -20"><span class='ocrx_word' id='word_1_159' title='bbox 362 2671 395 2730; x_wconf 90' lang='lat' dir='ltr'><strong>et</strong></span> <span class='ocrx_word' id='word_1_160' title='bbox 411 2667 513 2733; x_wconf 88' lang='lat' dir='ltr'><strong>eciam</strong></span> <span class='ocrx_word' id='word_1_161' title='bbox 529 2667 711 2750; x_wconf 82' lang='lat' dir='ltr'><strong>reliquisse.</strong></span> <span class='ocrx_word' id='word_1_162' title='bbox 729 2665 872 2743; x_wconf 83' lang='lat' dir='ltr'><strong>Quarum</strong></span> <span class='ocrx_word' id='word_1_163' title='bbox 891 2663 1022 2748; x_wconf 88' lang='lat' dir='ltr'><strong>quidem</strong></span> <span class='ocrx_word' id='word_1_164' title='bbox 1041 2667 1135 2744; x_wconf 89' lang='lat' dir='ltr'><strong>mete,</strong></span> <span class='ocrx_word' id='word_1_165' title='bbox 1161 2656 1303 2740; x_wconf 89' lang='lat' dir='ltr'><strong>termini,</strong></span> <span class='ocrx_word' id='word_1_166' title='bbox 1333 2659 1367 2718; x_wconf 91' lang='lat' dir='ltr'><strong>et</strong></span> <span class='ocrx_word' id='word_1_167' title='bbox 1392 2653 1488 2732; x_wconf 80' lang='lat' dir='ltr'><strong>cigna,</strong></span> <span class='ocrx_word' id='word_1_168' title='bbox 1559 2679 1561 2698; x_wconf 74' lang='grc' dir='ltr'>ι</span> 
     </span>
     <span class='ocr_line' id='line_1_23' title="bbox 361 2753 1560 2856; baseline -0.016 -20"><span class='ocrx_word' id='word_1_169' title='bbox 361 2779 457 2856; x_wconf 91' lang='lat' dir='ltr'><strong>prout</strong></span> <span class='ocrx_word' id='word_1_170' title='bbox 472 2773 558 2839; x_wconf 88' lang='lat' dir='ltr'><strong>idem</strong></span> <span class='ocrx_word' id='word_1_171' title='bbox 574 2775 728 2856; x_wconf 83' lang='lat' dir='ltr'><strong>Magister</strong></span> <span class='ocrx_word' id='word_1_172' title='bbox 742 2774 908 2840; x_wconf 78' lang='lat' dir='ltr'><strong>lohannes</strong></span> <span class='ocrx_word' id='word_1_173' title='bbox 924 2769 1048 2836; x_wconf 78' lang='lat' dir='ltr'><strong>Cantor</strong></span> <span class='ocrx_word' id='word_1_174' title='bbox 1064 2766 1178 2845; x_wconf 60' lang='lat' dir='ltr'><strong>socius,</strong></span> <span class='ocrx_word' id='word_1_175' title='bbox 1189 2771 1305 2830; x_wconf 88' lang='lat' dir='ltr'><strong>noster</strong></span> <span class='ocrx_word' id='word_1_176' title='bbox 1330 2757 1426 2825; x_wconf 86' lang='lat' dir='ltr'><strong>nobis</strong></span> <span class='ocrx_word' id='word_1_177' title='bbox 1448 2753 1486 2819; x_wconf 87' lang='lat' dir='ltr'><strong>di·</strong></span> <span class='ocrx_word' id='word_1_178' title='bbox 1559 2786 1560 2826; x_wconf 62' lang='lat'>3</span> 
     </span>
     <span class='ocr_line' id='line_1_24' title="bbox 362 2860 1561 2964; baseline -0.015 -23"><span class='ocrx_word' id='word_1_179' title='bbox 362 2877 420 2960; x_wconf 84' lang='lat' dir='ltr'><strong>uit,</strong></span> <span class='ocrx_word' id='word_1_180' title='bbox 436 2886 469 2943; x_wconf 91' lang='lat' dir='ltr'><strong>et</strong></span> <span class='ocrx_word' id='word_1_181' title='bbox 484 2888 588 2945; x_wconf 87' lang='lat' dir='ltr'><strong>metas</strong></span> <span class='ocrx_word' id='word_1_182' title='bbox 603 2881 637 2946; x_wconf 94' lang='lat' dir='ltr'><strong>iu</strong></span> <span class='ocrx_word' id='word_1_183' title='bbox 653 2879 783 2964; x_wconf 87' lang='lat' dir='ltr'><strong>scriptis</strong></span> <span class='ocrx_word' id='word_1_184' title='bbox 799 2877 955 2961; x_wconf 83' lang='lat' dir='ltr'><strong>exhibuit,</strong></span> <span class='ocrx_word' id='word_1_185' title='bbox 971 2877 1032 2942; x_wconf 91' lang='lat' dir='ltr'><strong>hoo</strong></span> <span class='ocrx_word' id='word_1_186' title='bbox 1046 2873 1161 2941; x_wconf 86' lang='lat' dir='ltr'><strong>ordine</strong></span> <span class='ocrx_word' id='word_1_187' title='bbox 1177 2870 1423 2952; x_wconf 81' lang='lat' dir='ltr'><strong>distinguntur3</strong></span> <span class='ocrx_word' id='word_1_188' title='bbox 1449 2860 1494 2926; x_wconf 86' lang='lat' dir='ltr'><strong>ri·</strong></span> <span class='ocrx_word' id='word_1_189' title='bbox 1560 2861 1561 2908; x_wconf 75' lang='grc' dir='ltr'>ἲ</span> 
     </span>
     <span class='ocr_line' id='line_1_25' title="bbox 367 2965 1487 3070; baseline -0.014 -24"><span class='ocrx_word' id='word_1_190' title='bbox 367 2981 486 3050; x_wconf 85' lang='lat' dir='ltr'><strong>delicet</strong></span> <span class='ocrx_word' id='word_1_191' title='bbox 502 2985 607 3068; x_wconf 84' lang='lat' dir='ltr'><strong>prima</strong></span> <span class='ocrx_word' id='word_1_192' title='bbox 634 2993 720 3050; x_wconf 88' lang='lat' dir='ltr'><strong>meta</strong></span> <span class='ocrx_word' id='word_1_193' title='bbox 745 2985 859 3070; x_wconf 88' lang='lat' dir='ltr'><strong>incipit</strong></span> <span class='ocrx_word' id='word_1_194' title='bbox 884 3004 905 3049; x_wconf 90' lang='lat' dir='ltr'><strong>a</strong></span> <span class='ocrx_word' id='word_1_195' title='bbox 929 2990 1024 3068; x_wconf 85' lang='lat' dir='ltr'><strong>parte</strong></span> <span class='ocrx_word' id='word_1_196' title='bbox 1046 2974 1313 3065; x_wconf 82' lang='lat' dir='ltr'><strong>septemtrionali</strong></span> <span class='ocrx_word' id='word_1_197' title='bbox 1340 2973 1374 3037; x_wconf 94' lang='lat' dir='ltr'><strong>iu</strong></span> <span class='ocrx_word' id='word_1_198' title='bbox 1399 2965 1487 3035; x_wconf 86' lang='lat' dir='ltr'><strong>fluuio</strong></span> 
     </span>
    </p>

    <p class='ocr_par' dir='ltr' id='par_1_5' title="bbox 363 3059 1561 4676">
     <span class='ocr_line' id='line_1_26' title="bbox 366 3059 1561 3172; baseline -0.017 -19"><span class='ocrx_word' id='word_1_199' title='bbox 366 3087 535 3157; x_wconf 80' lang='lat' dir='ltr'><strong>Oburneob</strong></span> <span class='ocrx_word' id='word_1_200' title='bbox 554 3091 588 3156; x_wconf 92' lang='lat' dir='ltr'><strong>in</strong></span> <span class='ocrx_word' id='word_1_201' title='bbox 605 3091 777 3159; x_wconf 80' lang='lat' dir='ltr'><strong>vicinitate</strong></span> <span class='ocrx_word' id='word_1_202' title='bbox 807 3100 894 3158; x_wconf 90' lang='lat' dir='ltr'><strong>terre</strong></span> <span class='ocrx_word' id='word_1_203' title='bbox 911 3089 1162 3172; x_wconf 81' lang='lat' dir='ltr'><strong>Cruciserornm,</strong></span> <span class='ocrx_word' id='word_1_204' title='bbox 1179 3086 1295 3165; x_wconf 92' lang='lat' dir='ltr'><strong>inquo</strong></span> <span class='ocrx_word' id='word_1_205' title='bbox 1312 3078 1413 3145; x_wconf 88' lang='lat' dir='ltr'><strong>fluuio</strong></span> <span class='ocrx_word' id='word_1_206' title='bbox 1428 3061 1486 3140; x_wconf 77' lang='lat' dir='ltr'><strong>cuit</strong></span> <span class='ocrx_word' id='word_1_207' title='bbox 1560 3059 1561 3085; x_wconf 75' lang='lat'><em>³</em></span> 
     </span>
     <span class='ocr_line' id='line_1_27' title="bbox 363 3186 1561 3284; baseline -0.018 -22"><span class='ocrx_word' id='word_1_208' title='bbox 363 3197 407 3262; x_wconf 87' lang='lat' dir='ltr'><strong>ad</strong></span> <span class='ocrx_word' id='word_1_209' title='bbox 423 3209 547 3282; x_wconf 81' lang='lat' dir='ltr'><strong>partem</strong></span> <span class='ocrx_word' id='word_1_210' title='bbox 563 3199 817 3284; x_wconf 85' lang='lat' dir='ltr'><strong>meridionalem,</strong></span> <span class='ocrx_word' id='word_1_211' title='bbox 834 3206 866 3264; x_wconf 88' lang='lat' dir='ltr'><strong>et</strong></span> <span class='ocrx_word' id='word_1_212' title='bbox 891 3219 949 3282; x_wconf 90' lang='lat' dir='ltr'><strong>per</strong></span> <span class='ocrx_word' id='word_1_213' title='bbox 964 3196 1081 3262; x_wconf 90' lang='lat' dir='ltr'><strong>siluam</strong></span> <span class='ocrx_word' id='word_1_214' title='bbox 1098 3195 1130 3258; x_wconf 90' lang='lat' dir='ltr'><strong>in</strong></span> <span class='ocrx_word' id='word_1_215' title='bbox 1147 3192 1233 3258; x_wconf 90' lang='lat' dir='ltr'><strong>bono</strong></span> <span class='ocrx_word' id='word_1_216' title='bbox 1248 3186 1367 3272; x_wconf 87' lang='lat' dir='ltr'><strong>spacio</strong></span> <span class='ocrx_word' id='word_1_217' title='bbox 1383 3197 1485 3268; x_wconf 89' lang='lat' dir='ltr'><strong>perue-</strong></span> <span class='ocrx_word' id='word_1_218' title='bbox 1560 3187 1561 3260; x_wconf 71' lang='grc' dir='ltr'>ᾗ</span> 
     </span>
     <span class='ocr_line' id='line_1_28' title="bbox 363 3282 1484 3386; baseline -0.02 -18"><span class='ocrx_word' id='word_1_219' title='bbox 363 3302 411 3368; x_wconf 91' lang='lat' dir='ltr'><strong>nit</strong></span> <span class='ocrx_word' id='word_1_220' title='bbox 426 3303 460 3368; x_wconf 95' lang='lat' dir='ltr'><strong>in</strong></span> <span class='ocrx_word' id='word_1_221' title='bbox 476 3303 581 3370; x_wconf 89' lang='lat' dir='ltr'><strong>riuulo</strong></span> <span class='ocrx_word' id='word_1_222' title='bbox 595 3325 658 3370; x_wconf 91' lang='lat' dir='ltr'><strong>vno</strong></span> <span class='ocrx_word' id='word_1_223' title='bbox 675 3304 718 3370; x_wconf 91' lang='lat' dir='ltr'><strong>ad</strong></span> <span class='ocrx_word' id='word_1_224' title='bbox 733 3305 866 3371; x_wconf 86' lang='lat' dir='ltr'><strong>fluvium</strong></span> <span class='ocrx_word' id='word_1_225' title='bbox 883 3305 1018 3386; x_wconf 84' lang='lat' dir='ltr'><strong>Zeguna</strong></span> <span class='ocrx_word' id='word_1_226' title='bbox 1033 3319 1094 3385; x_wconf 89' lang='lat' dir='ltr'><strong>per</strong></span> <span class='ocrx_word' id='word_1_227' title='bbox 1108 3299 1242 3364; x_wconf 88' lang='lat' dir='ltr'><strong>arbores</strong></span> <span class='ocrx_word' id='word_1_228' title='bbox 1258 3297 1310 3360; x_wconf 81' lang='lat' dir='ltr'><strong>tol</strong></span> <span class='ocrx_word' id='word_1_229' title='bbox 1336 3305 1427 3356; x_wconf 84' lang='lat' dir='ltr'><strong>cruce</strong></span> <span class='ocrx_word' id='word_1_230' title='bbox 1448 3282 1484 3348; x_wconf 87' lang='lat' dir='ltr'><strong>si·</strong></span> 
     </span>
     <span class='ocr_line' id='line_1_29' title="bbox 365 3396 1485 3495; baseline -0.014 -19"><span class='ocrx_word' id='word_1_231' title='bbox 365 3418 493 3494; x_wconf 82' lang='lat' dir='ltr'><strong>gnatas,</strong></span> <span class='ocrx_word' id='word_1_232' title='bbox 509 3412 565 3477; x_wconf 93' lang='lat' dir='ltr'><strong>ubi</strong></span> <span class='ocrx_word' id='word_1_233' title='bbox 582 3411 741 3478; x_wconf 89' lang='lat' dir='ltr'><strong>vicinatur</strong></span> <span class='ocrx_word' id='word_1_234' title='bbox 755 3419 840 3477; x_wconf 89' lang='lat' dir='ltr'><strong>terre</strong></span> <span class='ocrx_word' id='word_1_235' title='bbox 856 3411 970 3495; x_wconf 84' lang='lat' dir='ltr'><strong>Opoy;</strong></span> <span class='ocrx_word' id='word_1_236' title='bbox 988 3409 1064 3473; x_wconf 89' lang='lat' dir='ltr'><strong>inde</strong></span> <span class='ocrx_word' id='word_1_237' title='bbox 1079 3405 1239 3472; x_wconf 88' lang='lat' dir='ltr'><strong>incudem</strong></span> <span class='ocrx_word' id='word_1_238' title='bbox 1251 3396 1485 3476; x_wconf 77' lang='lat' dir='ltr'><strong>fluuiozeguna</strong></span> 
     </span>
     <span class='ocr_line' id='line_1_30' title="bbox 367 3485 1561 3603; baseline -0.011 -22"><span class='ocrx_word' id='word_1_239' title='bbox 367 3517 541 3603; x_wconf 87' lang='lat' dir='ltr'><strong>asscendit,</strong></span> <span class='ocrx_word' id='word_1_240' title='bbox 559 3525 590 3584; x_wconf 91' lang='lat' dir='ltr'><strong>et</strong></span> <span class='ocrx_word' id='word_1_241' title='bbox 606 3519 695 3584; x_wconf 88' lang='lat' dir='ltr'><strong>cadit</strong></span> <span class='ocrx_word' id='word_1_242' title='bbox 709 3520 742 3585; x_wconf 94' lang='lat' dir='ltr'><strong>iu</strong></span> <span class='ocrx_word' id='word_1_243' title='bbox 770 3517 933 3602; x_wconf 86' lang='lat' dir='ltr'><strong>quoddam</strong></span> <span class='ocrx_word' id='word_1_244' title='bbox 959 3517 1060 3602; x_wconf 84' lang='lat' dir='ltr'><strong>potok</strong></span> <span class='ocrx_word' id='word_1_245' title='bbox 1085 3511 1252 3579; x_wconf 84' lang='lat' dir='ltr'><strong>Berzeuclr</strong></span> <span class='ocrx_word' id='word_1_246' title='bbox 1276 3513 1437 3582; x_wconf 85' lang='lat' dir='ltr'><strong>vocatum,</strong></span> <span class='ocrx_word' id='word_1_247' title='bbox 1458 3501 1484 3562; x_wconf 82' lang='lat' dir='ltr'><strong>et</strong></span> <span class='ocrx_word' id='word_1_248' title='bbox 1559 3485 1561 3568; x_wconf 59' lang='lat' dir='ltr'>s</span> 
     </span>
     <span class='ocr_line' id='line_1_31' title="bbox 368 3614 1561 3710; baseline -0.017 -25"><span class='ocrx_word' id='word_1_249' title='bbox 368 3622 414 3686; x_wconf 89' lang='lat' dir='ltr'><strong>ibi</strong></span> <span class='ocrx_word' id='word_1_250' title='bbox 430 3631 478 3690; x_wconf 83' lang='lat' dir='ltr'><strong>eet</strong></span> <span class='ocrx_word' id='word_1_251' title='bbox 494 3623 566 3689; x_wconf 85' lang='lat' dir='ltr'><strong>lons</strong></span> <span class='ocrx_word' id='word_1_252' title='bbox 583 3645 675 3710; x_wconf 87' lang='lat' dir='ltr'><strong>vous,</strong></span> <span class='ocrx_word' id='word_1_253' title='bbox 693 3625 734 3692; x_wconf 92' lang='lat' dir='ltr'><strong>de</strong></span> <span class='ocrx_word' id='word_1_254' title='bbox 750 3646 814 3710; x_wconf 88' lang='lat' dir='ltr'><strong>quo</strong></span> <span class='ocrx_word' id='word_1_255' title='bbox 830 3646 890 3709; x_wconf 90' lang='lat' dir='ltr'><strong>per</strong></span> <span class='ocrx_word' id='word_1_256' title='bbox 913 3623 1054 3689; x_wconf 74' lang='lat' dir='ltr'><strong>munium</strong></span> <span class='ocrx_word' id='word_1_257' title='bbox 1081 3622 1124 3686; x_wconf 88' lang='lat' dir='ltr'><strong>ad</strong></span> <span class='ocrx_word' id='word_1_258' title='bbox 1151 3621 1301 3686; x_wconf 87' lang='lat' dir='ltr'><strong>arborem</strong></span> <span class='ocrx_word' id='word_1_259' title='bbox 1330 3614 1378 3681; x_wconf 79' lang='lat' dir='ltr'><strong>tol</strong></span> <span class='ocrx_word' id='word_1_260' title='bbox 1402 3620 1484 3673; x_wconf 87' lang='lat' dir='ltr'><strong>cruce</strong></span> <span class='ocrx_word' id='word_1_261' title='bbox 1558 3667 1561 3686; x_wconf 65' lang='grc'><em>,</em></span> 
     </span>
     <span class='ocr_line' id='line_1_32' title="bbox 367 3701 1559 3817; baseline -0.015 -24"><span class='ocrx_word' id='word_1_262' title='bbox 367 3727 546 3811; x_wconf 80' lang='lat' dir='ltr'><strong>signatem3</strong></span> <span class='ocrx_word' id='word_1_263' title='bbox 564 3731 640 3798; x_wconf 90' lang='lat' dir='ltr'><strong>inde</strong></span> <span class='ocrx_word' id='word_1_264' title='bbox 655 3733 773 3798; x_wconf 90' lang='lat' dir='ltr'><strong>transit</strong></span> <span class='ocrx_word' id='word_1_265' title='bbox 788 3752 937 3817; x_wconf 89' lang='lat' dir='ltr'><strong>campum</strong></span> <span class='ocrx_word' id='word_1_266' title='bbox 954 3748 1070 3796; x_wconf 87' lang='lat' dir='ltr'><strong>uorsus</strong></span> <span class='ocrx_word' id='word_1_267' title='bbox 1087 3723 1252 3792; x_wconf 90' lang='lat' dir='ltr'><strong>meridiem</strong></span> <span class='ocrx_word' id='word_1_268' title='bbox 1279 3723 1325 3789; x_wconf 89' lang='lat' dir='ltr'><strong>ad</strong></span> <span class='ocrx_word' id='word_1_269' title='bbox 1350 3719 1482 3785; x_wconf 84' lang='lat' dir='ltr'><strong>arborem</strong></span> <span class='ocrx_word' id='word_1_270' title='bbox 1547 3701 1559 3716; x_wconf 62' lang='lat'>⁷</span> 
     </span>
     <span class='ocr_line' id='line_1_33' title="bbox 367 3815 1484 3921; baseline -0.011 -19"><span class='ocrx_word' id='word_1_271' title='bbox 367 3835 431 3919; x_wconf 87' lang='lat' dir='ltr'><strong>piri</strong></span> <span class='ocrx_word' id='word_1_272' title='bbox 455 3855 549 3902; x_wconf 88' lang='lat' dir='ltr'><strong>cruce</strong></span> <span class='ocrx_word' id='word_1_273' title='bbox 564 3837 745 3921; x_wconf 68' lang='lat' dir='ltr'><strong>signatam</strong></span> <span class='ocrx_word' id='word_1_274' title='bbox 769 3840 846 3905; x_wconf 90' lang='lat' dir='ltr'><strong>iude</strong></span> <span class='ocrx_word' id='word_1_275' title='bbox 871 3839 915 3904; x_wconf 88' lang='lat' dir='ltr'><strong>ad</strong></span> <span class='ocrx_word' id='word_1_276' title='bbox 940 3855 1094 3920; x_wconf 85' lang='lat' dir='ltr'><strong>magnam</strong></span> <span class='ocrx_word' id='word_1_277' title='bbox 1121 3832 1220 3918; x_wconf 65' lang='lat' dir='ltr'><strong>mam,</strong></span> <span class='ocrx_word' id='word_1_278' title='bbox 1245 3831 1278 3896; x_wconf 93' lang='lat' dir='ltr'><strong>iu</strong></span> <span class='ocrx_word' id='word_1_279' title='bbox 1304 3848 1372 3912; x_wconf 89' lang='lat' dir='ltr'><strong>qua</strong></span> <span class='ocrx_word' id='word_1_280' title='bbox 1395 3815 1484 3886; x_wconf 83' lang='lat' dir='ltr'><strong>tendit</strong></span> 
     </span>
     <span class='ocr_line' id='line_1_34' title="bbox 367 3934 1481 4031; baseline -0.019 -21"><span class='ocrx_word' id='word_1_281' title='bbox 367 3961 481 4010; x_wconf 84' lang='lat' dir='ltr'><strong>uersus</strong></span> <span class='ocrx_word' id='word_1_282' title='bbox 490 3946 646 4012; x_wconf 90' lang='lat' dir='ltr'><strong>orientem</strong></span> <span class='ocrx_word' id='word_1_283' title='bbox 657 3945 701 4012; x_wconf 83' lang='lat' dir='ltr'><strong>ad</strong></span> <span class='ocrx_word' id='word_1_284' title='bbox 717 3949 863 4014; x_wconf 92' lang='lat' dir='ltr'><strong>arborem</strong></span> <span class='ocrx_word' id='word_1_285' title='bbox 879 3945 942 4031; x_wconf 88' lang='lat' dir='ltr'><strong>piri</strong></span> <span class='ocrx_word' id='word_1_286' title='bbox 952 3941 1222 4025; x_wconf 82' lang='lat' dir='ltr'><strong>crucesignatum</strong></span> <span class='ocrx_word' id='word_1_287' title='bbox 1233 3962 1243 4021; x_wconf 90' lang='lat'>;</span> <span class='ocrx_word' id='word_1_288' title='bbox 1254 3934 1374 4003; x_wconf 90' lang='lat' dir='ltr'><strong>deinde</strong></span> <span class='ocrx_word' id='word_1_289' title='bbox 1384 3938 1481 3994; x_wconf 72' lang='lat' dir='ltr'><strong>uersus</strong></span> 
     </span>
     <span class='ocr_line' id='line_1_35' title="bbox 370 4040 1480 4148; baseline -0.008 -29"><span class='ocrx_word' id='word_1_290' title='bbox 370 4049 536 4119; x_wconf 89' lang='lat' dir='ltr'><strong>meridiem</strong></span> <span class='ocrx_word' id='word_1_291' title='bbox 551 4053 668 4120; x_wconf 85' lang='lat' dir='ltr'><strong>transit</strong></span> <span class='ocrx_word' id='word_1_292' title='bbox 684 4055 823 4148; x_wconf 84' lang='lat' dir='ltr'><strong>riuulum</strong></span> <span class='ocrx_word' id='word_1_293' title='bbox 839 4054 882 4120; x_wconf 91' lang='lat' dir='ltr'><strong>ad</strong></span> <span class='ocrx_word' id='word_1_294' title='bbox 901 4053 1050 4121; x_wconf 87' lang='lat' dir='ltr'><strong>arborem</strong></span> <span class='ocrx_word' id='word_1_295' title='bbox 1067 4050 1172 4116; x_wconf 87' lang='lat' dir='ltr'><strong>cerasi</strong></span> <span class='ocrx_word' id='word_1_296' title='bbox 1203 4065 1301 4112; x_wconf 89' lang='lat' dir='ltr'><strong>eruce</strong></span> <span class='ocrx_word' id='word_1_297' title='bbox 1326 4040 1480 4123; x_wconf 60' lang='lat' dir='ltr'><strong>signam,</strong></span> 
     </span>
     <span class='ocr_line' id='line_1_36' title="bbox 371 4144 1561 4245; baseline -0.012 -21"><span class='ocrx_word' id='word_1_298' title='bbox 371 4179 434 4242; x_wconf 86' lang='lat' dir='ltr'><strong>que</strong></span> <span class='ocrx_word' id='word_1_299' title='bbox 444 4167 492 4226; x_wconf 88' lang='lat' dir='ltr'><strong>eat</strong></span> <span class='ocrx_word' id='word_1_300' title='bbox 501 4163 593 4226; x_wconf 85' lang='lat' dir='ltr'><strong>iuxta</strong></span> <span class='ocrx_word' id='word_1_301' title='bbox 603 4181 753 4244; x_wconf 85' lang='lat' dir='ltr'><strong>magnam</strong></span> <span class='ocrx_word' id='word_1_302' title='bbox 767 4159 973 4245; x_wconf 73' lang='lat' dir='ltr'><strong>rullem3iude</strong></span> <span class='ocrx_word' id='word_1_303' title='bbox 987 4159 1064 4224; x_wconf 85' lang='lat' dir='ltr'><strong>salit</strong></span> <span class='ocrx_word' id='word_1_304' title='bbox 1073 4173 1214 4241; x_wconf 83' lang='lat' dir='ltr'><strong>paruam</strong></span> <span class='ocrx_word' id='word_1_305' title='bbox 1225 4151 1348 4219; x_wconf 85' lang='lat' dir='ltr'><strong>vallem</strong></span> <span class='ocrx_word' id='word_1_306' title='bbox 1357 4144 1398 4213; x_wconf 86' lang='lat' dir='ltr'><strong>cd</strong></span> <span class='ocrx_word' id='word_1_307' title='bbox 1407 4155 1479 4207; x_wconf 72' lang='lat' dir='ltr'><strong>mot·</strong></span> <span class='ocrx_word' id='word_1_308' title='bbox 1560 4211 1561 4218; x_wconf 8' lang='grc' dir='ltr'>χ</span> 
     </span>
     <span class='ocr_line' id='line_1_37' title="bbox 371 4235 1478 4349; baseline -0.014 -18"><span class='ocrx_word' id='word_1_309' title='bbox 371 4275 435 4332; x_wconf 92' lang='lat' dir='ltr'><strong>tem</strong></span> <span class='ocrx_word' id='word_1_310' title='bbox 450 4267 541 4332; x_wconf 84' lang='lat' dir='ltr'><strong>iuxta</strong></span> <span class='ocrx_word' id='word_1_311' title='bbox 556 4269 693 4349; x_wconf 85' lang='lat' dir='ltr'><strong>vineam,</strong></span> <span class='ocrx_word' id='word_1_312' title='bbox 711 4275 744 4335; x_wconf 89' lang='lat' dir='ltr'><strong>et</strong></span> <span class='ocrx_word' id='word_1_313' title='bbox 761 4269 851 4334; x_wconf 85' lang='lat' dir='ltr'><strong>iuxta</strong></span> <span class='ocrx_word' id='word_1_314' title='bbox 867 4269 985 4334; x_wconf 90' lang='lat' dir='ltr'><strong>siluam</strong></span> <span class='ocrx_word' id='word_1_315' title='bbox 1001 4261 1093 4329; x_wconf 90' lang='lat' dir='ltr'><strong>uenit</strong></span> <span class='ocrx_word' id='word_1_316' title='bbox 1109 4258 1269 4343; x_wconf 81' lang='lat' dir='ltr'><strong>adriam,</strong></span> <span class='ocrx_word' id='word_1_317' title='bbox 1286 4277 1353 4342; x_wconf 90' lang='lat' dir='ltr'><strong>qua</strong></span> <span class='ocrx_word' id='word_1_318' title='bbox 1367 4252 1424 4318; x_wconf 85' lang='lat' dir='ltr'><strong>itur</strong></span> <span class='ocrx_word' id='word_1_319' title='bbox 1442 4235 1478 4307; x_wconf 68' lang='lat' dir='ltr'><strong>td</strong></span> 
     </span>
     <span class='ocr_line' id='line_1_38' title="bbox 372 4354 1479 4459; baseline -0.008 -21"><span class='ocrx_word' id='word_1_320' title='bbox 372 4372 543 4439; x_wconf 87' lang='lat' dir='ltr'><strong>ecclesiam</strong></span> <span class='ocrx_word' id='word_1_321' title='bbox 560 4371 679 4443; x_wconf 86' lang='lat' dir='ltr'><strong>Sancte</strong></span> <span class='ocrx_word' id='word_1_322' title='bbox 693 4375 825 4459; x_wconf 78' lang='lat' dir='ltr'><strong>Crucis;</strong></span> <span class='ocrx_word' id='word_1_323' title='bbox 842 4372 923 4439; x_wconf 90' lang='lat' dir='ltr'><strong>etin</strong></span> <span class='ocrx_word' id='word_1_324' title='bbox 939 4369 1053 4439; x_wconf 91' lang='lat' dir='ltr'><strong>eadem</strong></span> <span class='ocrx_word' id='word_1_325' title='bbox 1071 4367 1126 4434; x_wconf 86' lang='lat' dir='ltr'><strong>via</strong></span> <span class='ocrx_word' id='word_1_326' title='bbox 1140 4362 1350 4452; x_wconf 88' lang='lat' dir='ltr'><strong>procedendo</strong></span> <span class='ocrx_word' id='word_1_327' title='bbox 1365 4361 1397 4430; x_wconf 83' lang='lat' dir='ltr'><strong>in</strong></span> <span class='ocrx_word' id='word_1_328' title='bbox 1409 4354 1479 4419; x_wconf 77' lang='lat' dir='ltr'><strong>b⁰¹¹⁰</strong></span> 
     </span>
     <span class='ocr_line' id='line_1_39' title="bbox 374 4467 1477 4562; baseline -0.012 -19"><span class='ocrx_word' id='word_1_329' title='bbox 374 4476 485 4559; x_wconf 85' lang='lat' dir='ltr'><strong>spacio</strong></span> <span class='ocrx_word' id='word_1_330' title='bbox 501 4498 613 4546; x_wconf 82' lang='lat' dir='ltr'><strong>uersus</strong></span> <span class='ocrx_word' id='word_1_331' title='bbox 629 4481 828 4550; x_wconf 88' lang='lat' dir='ltr'><strong>occidentem</strong></span> <span class='ocrx_word' id='word_1_332' title='bbox 844 4477 888 4546; x_wconf 90' lang='lat' dir='ltr'><strong>ad</strong></span> <span class='ocrx_word' id='word_1_333' title='bbox 901 4478 1050 4545; x_wconf 90' lang='lat' dir='ltr'><strong>arborem</strong></span> <span class='ocrx_word' id='word_1_334' title='bbox 1068 4473 1142 4562; x_wconf 90' lang='lat' dir='ltr'><strong>piri,</strong></span> <span class='ocrx_word' id='word_1_335' title='bbox 1159 4473 1217 4540; x_wconf 89' lang='lat' dir='ltr'><strong>ubi</strong></span> <span class='ocrx_word' id='word_1_336' title='bbox 1243 4469 1385 4554; x_wconf 88' lang='lat' dir='ltr'><strong>iungitur</strong></span> <span class='ocrx_word' id='word_1_337' title='bbox 1407 4467 1477 4525; x_wconf 69' lang='lat' dir='ltr'><strong>tem</strong></span> 
     </span>
     <span class='ocr_line' id='line_1_40' title="bbox 375 4557 1487 4676; baseline -0.027 -15"><span class='ocrx_word' id='word_1_338' title='bbox 375 4579 551 4668; x_wconf 65' lang='lat' dir='ltr'><strong>B⁰sstdi⁰lb</strong></span> <span class='ocrx_word' id='word_1_339' title='bbox 567 4585 623 4671; x_wconf 82' lang='lat' dir='ltr'><strong>filij</strong></span> <span class='ocrx_word' id='word_1_340' title='bbox 641 4587 756 4676; x_wconf 79' lang='lat' dir='ltr'><strong>Rodyu</strong></span> <span class='ocrx_word' id='word_1_341' title='bbox 771 4610 780 4672; x_wconf 78' lang='lat'><em>3</em></span> <span class='ocrx_word' id='word_1_342' title='bbox 796 4586 873 4654; x_wconf 84' lang='lat' dir='ltr'><strong>inde</strong></span> <span class='ocrx_word' id='word_1_343' title='bbox 890 4585 924 4650; x_wconf 91' lang='lat' dir='ltr'><strong>in</strong></span> <span class='ocrx_word' id='word_1_344' title='bbox 957 4581 1073 4650; x_wconf 83' lang='lat' dir='ltr'><strong>eedem</strong></span> <span class='ocrx_word' id='word_1_345' title='bbox 1089 4579 1145 4648; x_wconf 83' lang='lat' dir='ltr'><strong>ria</strong></span> <span class='ocrx_word' id='word_1_346' title='bbox 1170 4575 1283 4646; x_wconf 90' lang='lat' dir='ltr'><strong>eundo</strong></span> <span class='ocrx_word' id='word_1_347' title='bbox 1297 4569 1432 4641; x_wconf 86' lang='lat' dir='ltr'><strong>declinat</strong></span> <span class='ocrx_word' id='word_1_348' title='bbox 1450 4557 1487 4625; x_wconf 83' lang='lat' dir='ltr'><strong>iu:</strong></span> 
     </span>
    </p>
   </div>
   <div class='ocr_carea' id='block_1_5' title="bbox 0 0 1592 5194">
    <p class='ocr_par' dir='ltr' id='par_1_6' title="bbox 0 0 1592 5194">
     <span class='ocr_line' id='line_1_41' title="bbox 0 0 1592 5194; baseline 0 0"><span class='ocrx_word' id='word_1_349' title='bbox 0 0 1592 5194; x_wconf 95' lang='lat' dir='ltr'><strong> </strong></span> 
     </span>
    </p>
   </div>
  </div>
 </body>
</html>
