3146 5192
800 341 803 350 .
852 282 1011 380 ...su-

368 477 461 542 Anoo
478 475 608 540 Domini
634 473 756 542 ΜΟΟΟο
779 476 991 558 nonagesimo
1018 509 1348 522 ------
1369 474 1455 538 bodo-
1543 479 1545 486 '

368 585 468 650 morio
485 582 712 668 strigoniensi,
728 582 878 650 Jobauue
904 581 1073 649 Oolooeusi
1100 581 1349 667 Arohiepiscopis
1372 617 1411 628 -
1424 619 1459 630 —

368 729 411 740 -—
428 731 471 740 —
487 729 531 740 -
546 727 590 739 -
606 711 625 756 o
640 689 791 774 Agrieusi
810 691 1035 757 existentibus,

625 885 655 951 Α
914 885 941 950 Β
1204 881 1229 948 O

366 1085 505 1152 (Erodetie
517 1080 692 1150 biirlrelrtybn,
708 1081 781 1135 roszo
795 1085 823 1134 ki
837 1098 891 1136 rau
905 1085 1046 1146 suabilum
1064 1097 1081 1133 a
1105 1081 1186 1133 budsi
1200 1081 1250 1132 kir.
1264 1082 1378 1132 lamuel
1398 1077 1465 1128 ierol-

881 1170 991 1237 barban)

823 1453 1036 1467 Μ

889 2019 966 2088 181.

371 2215 506 2284 Acuca
524 2217 747 2304 lrotptoluuuclc
771 2219 1053 2308 bizoupsdpleoolo‚
1085 2222 1167 2307 kopp
1194 2219 1289 2286 Milo
1315 2215 1476 2286 0021ch

369 2326 490 2391 triknok
507 2327 559 2412 fio
579 2323 1475 2420 Solcboclz&elioldusbelpsc'pokotMihdlpcomasfiaioolt

789 2439 955 2526 dteorpccltc.
973 2439 1073 2506 1297.

478 2637 663 2726 Capitulum
679 2641 823 2710 Ecclesie
840 2643 1033 2732 Waoyeusis
1050 2641 1196 2713 omnibns
1209 2639 1330 2708 Christi
1346 2637 1477 2706 fidelibus

370 2747 486 2831 quibus
502 2757 670 2834 presentes
696 2751 908 2818 ostenduntur
938 2755 1079 2820 salutem
1097 2753 1130 2817 in
1161 2748 1301 2817 omniurn
1318 2750 1475 2814 saluatoro

371 2855 421 2919 Ad
437 2858 660 2924 vuiuorsornm
685 2861 839 2927 noticiam
868 2868 978 2929 tenore
1003 2859 1203 2949 presencium
1221 2843 1369 2924 volumus
1384 2870 1477 2940 poure

370 2963 457 3047 nire;
475 2965 561 3046 quod
578 2966 692 3034 Comes
709 2967 809 3054 Myko
825 2969 910 3036 tilius
926 2970 1051 3037 Detrici
1077 2989 1185 3035 coram
1206 2965 1303 3033 uobis
1318 2957 1479 3049 personali-

369 3080 419 3137 ter
435 3075 648 3160 ooulparendo
666 3075 831 3145 coufessus
849 3086 898 3145 ost
913 3079 1077 3154 viuauoce,
1093 3077 1178 3162 quod
1195 3074 1354 3160 quasdam
1372 3087 1479 3159 posses
1521 3064 1524 3073 '

371 3179 477 3248 siouer
494 3201 580 3272 suas,
597 3187 721 3252 scilieet
739 3207 834 3252 vuam
852 3187 1027 3275 Salabacb,
1043 3207 1139 3270 quam
1157 3185 1249 3250 iuxta
1264 3190 1407 3250 tenorem
1423 3175 1475 3264 pri*

370 3289 481 3379 uilogij
500 3295 599 3360 nostri
616 3315 637 3360 a
653 3293 777 3363 Comite
808 3297 929 3384 Byther
954 3297 988 3366 iu
1020 3295 1241 3366 concambium
1268 3303 1353 3360 terre
1370 3287 1476 3359 Olobar

371 3403 501 3486 recepit,
519 3410 551 3468 et
567 3403 666 3471 aliam
682 3405 786 3472 Halaz
802 3413 961 3491 vocatam,
979 3407 1140 3487 dedisset,
1169 3405 1323 3472 donasset
1338 3409 1371 3468 et
1387 3403 1478 3466 coutu-

372 3505 465 3575 lissct
497 3531 569 3577 cum
601 3512 748 3580 omnibus
780 3513 973 3581 utilitatibus
999 3512 1254 3600 etpertinenoijs
1280 3509 1348 3576 suis
1381 3505 1479 3574 eodem

371 3615 473 3697 modo,
490 3617 574 3685 sicut
599 3619 669 3704 ipse
685 3619 798 3687 habuit
813 3627 845 3686 et
859 3623 1021 3708 possedit,
1038 3622 1196 3704 Magistro
1212 3618 1348 3703 Symoui
1364 3625 1396 3683 et
1410 3615 1479 3682 'lbo-

371 3743 422 3789 me
438 3725 513 3809 filijs
531 3727 664 3794 Comitis
679 3727 847 3796 Michaelis
866 3729 923 3814 filij
952 3729 1073 3796 Falkos
1083 3781 1092 3816 ,
1120 3749 1158 3794 ao
1173 3729 1336 3793 uniuersis
1353 3727 1480 3813 ipsorum
1529 3803 1530 3806 Ἴ

371 3833 551 3919 heredibus,
569 3846 634 3902 tam
652 3837 781 3904 racione
806 3839 1080 3924 propinquitatis,
1113 3857 1208 3922 quam
1224 3837 1355 3902 racione
1371 3837 1479 3919 quarte,
1523 3900 1531 3911 ,

372 3944 456 4008 sicut
473 3942 520 4009 eis
537 3943 578 4009 de
589 3945 665 4027 juro
678 3945 830 4011 deueniro
841 3947 873 4011 in
884 3946 1027 4032 ipsorum
1038 3945 1223 4031 porcionem
1240 3943 1411 4027 debebant,
1419 3942 1481 4026 Jure
1530 3978 1531 3989 κ

369 4057 527 4134 perpetuo
561 4059 592 4117 et
623 4051 881 4120 irrenocabiliter
912 4051 1127 4140 possidendas
1159 4057 1190 4118 et
1214 4049 1405 4134 habendas,
1433 4061 1481 4132 per
1529 4053 1530 4122 }

369 4159 553 4241 quempiam
570 4159 753 4225 nullatcnus
780 4159 980 4245 repetendas.
1014 4159 1173 4245 Obligans
1206 4179 1242 4228 so
1274 4156 1361 4225 idem
1378 4157 1480 4224 Comes

369 4263 490 4349 Myle:
506 4267 592 4351 quod
608 4269 636 4331 si
654 4267 709 4349 qui
727 4289 878 4352 processu
901 4271 1102 4354 temporibus
1119 4267 1204 4357 (igy)
1224 4275 1417 4336 memoratos
1431 4264 1479 4352 Sy·

371 4391 497 4441 monem
514 4377 546 4440 et
562 4373 730 4461 Tironem,
748 4377 801 4442 vel
818 4379 958 4464 ipsorum
970 4376 1115 4463 heredes,
1127 4377 1258 4444 racione
1274 4377 1479 4464 predictarum

371 4481 611 4566 possessionum
627 4483 802 4550 molestare
819 4483 1017 4570 niterentur5
1046 4486 1117 4572 ipse
1133 4494 1165 4551 et
1180 4485 1230 4552 sui
1247 4485 1383 4556 heredes
1399 4501 1479 4570 erpo

371 4587 441 4651 diro
456 4594 640 4652 tenerentur
657 4591 795 4675 proprijs
811 4592 976 4659 laboribus
987 4601 1019 4658 et
1029 4593 1192 4685 expensis.
1208 4595 1260 4660 Ita
1276 4601 1394 4679 tamen,
1407 4587 1479 4692 quod
