3132 5192
894 961 971 1030 los.

368 1148 397 1211 A
416 1145 516 1211 bardai
531 1143 754 1231 kriptulunnuk
769 1141 1046 1230 bizonysriyleoele,
1066 1143 1152 1230 boqy
1168 1143 1295 1231 Po'ntelr,
1322 1143 1497 1212 Bada-Fel-

369 1256 492 1320 Mooizi
516 1253 672 1317 lukornuk
680 1251 747 1336 fiai
756 1250 906 1335 'bizonyoe
923 1252 1065 1315 brizrrkot
1080 1275 1101 1315 a
1117 1252 1312 1338 nysilsziyeti
1324 1256 1498 1338 oporam

712 1357 823 1423 ductui·
837 1359 1034 1444 ritcnyedto'k.
1052 1357 1150 1422 1294.

477 1557 544 1622 Nos
561 1555 745 1642 Capitulum
762 1553 906 1622 Ecclcsic
931 1551 1092 1622 Budcnsis
1121 1554 1347 1639 significamus
1369 1555 1497 1621 uniuer-

369 1662 426 1747 sis,
443 1681 524 1743 quos
540 1661 623 1730 sciro
640 1662 840 1748 expedierit,
865 1662 954 1745 qnod
970 1661 1160 1728 Dominicns
1176 1670 1210 1730 et
1224 1661 1419 1729 Vincencius
1434 1661 1495 1746 filij

369 1770 499 1836 Pentuk
516 1769 556 1837 de
572 1770 697 1838 Calidis
713 1771 815 1854 Aquis
842 1791 951 1837 coram
977 1773 1071 1837 nobis
1087 1771 1307 1856 personaliter
1330 1769 1499 1836 constituti

370 1875 512 1943 confessi
534 1884 627 1962 sunt3
653 1876 740 1961 qnod
764 1879 893 1943 domum
919 1879 990 1945 siuc
1016 1879 1179 1965 palacium
1207 1879 1344 1945 Comitis
1368 1876 1499 1943 Nicoiai

369 1983 427 2067 filij
446 1983 547 2052 Ercus
571 1987 724 2051 auunculi
750 1987 894 2070 ipsorum
918 1986 1118 2070 reliquerunt
1142 1987 1306 2052 sororibus
1331 1983 1373 2051 de
1388 1985 1499 2051 Insula

370 2097 470 2160 Reate
486 2093 629 2177 Virginis
655 2094 755 2159 iibere
780 2114 820 2160 ac
844 2101 1001 2178 perpetuo
1031 2094 1285 2180 possidendum,
1320 2092 1496 2160 secundum

370 2200 456 2284 quod
471 2199 635 2286 predictus
651 2199 766 2268 Comes
782 2201 940 2268 Nicotaus
965 2201 1104 2286 prefatis
1120 2201 1315 2268 dominabus
1333 2200 1497 2269 sororibus

369 2311 540 2390 leganerat
554 2307 662 2374 adbuc
679 2309 792 2376 uiuens
801 2361 811 2397 ,
829 2331 893 2376 non
917 2309 1066 2376 obstante
1091 2327 1283 2393 quocunque
1299 2315 1496 2376 testamento

371 2417 422 2482 uel
438 2435 632 2499 quacunque
648 2414 857 2483 ordinacione
870 2417 958 2483 facta
968 2437 990 2482 a
1000 2418 1123 2484 Oomito
1133 2417 1272 2482 Nicolao
1287 2414 1495 2503 supradictc;

370 2525 597 2590 renunciantes
613 2525 702 2589 omni
716 2525 799 2610 iuri,
815 2525 842 2590 si
859 2524 946 2608 quod
963 2527 999 2590 in
1017 2524 1105 2590 dioto
1121 2523 1253 2610 palacio
1269 2531 1328 2590 ant
1344 2525 1381 2590 in
1398 2522 1497 2590 fundo

371 2633 459 2698 currie
475 2631 579 2697 eidem
596 2633 725 2716 palacio
741 2629 928 2698 adherentis
944 2631 1014 2698 sinc
1025 2629 1207 2698 adiacentis
1223 2631 1411 2698 babuerunt
1421 2635 1496 2696 tem·

371 2763 451 2829 pore
466 2742 668 2809 succedente.
694 2743 731 2806 In
758 2740 850 2806 ouius
876 2739 923 2804 rei
947 2739 1135 2806 memoriam
1162 2747 1196 2806 et
1220 2739 1407 2805 firmitatem
1423 2758 1494 2824 pre·

371 2854 479 2918 sentes
495 2851 620 2916 litteras
637 2849 855 2917 concessimus
872 2849 974 2934 sigilii
990 2849 1092 2915 nostri
1118 2848 1298 2915 munimine
1313 2847 1498 2914 roboratas.

371 2964 489 3027 Datum
507 2979 567 3047 per
582 2979 698 3026 manns
714 2959 844 3026 discreti
861 2959 925 3026 viri
940 2959 1088 3044 Magistri
1107 2959 1256 3026 Ladiziai
1272 2957 1422 3025 Lectoris
1440 2958 1497 3023 Ec-

370 3069 468 3136 clesie
484 3072 602 3154 nostro,
620 3088 706 3135 anno
723 3068 854 3134 Domini
877 3066 997 3133 Μθῦῦο
1012 3067 1225 3153 nonagesimo
1242 3076 1372 3150 quarto.
1390 3065 1499 3150 biagi·

370 3187 439 3248 stro
455 3175 557 3245 Paul>
575 3175 726 3260 cantore,
741 3175 899 3258 Magistro
917 3173 1073 3258 Gregorio
1090 3173 1242 3261 Custode,
1259 3173 1414 3241 Johanne
1430 3174 1495 3239 -De-

372 3307 465 3373 cano,
481 3287 661 3370 ceterisque
676 3284 849 3350 Ganonicis
866 3283 1078 3369 presentibus,
1094 3282 1326 3350 existentibus.

371 3485 509 3552 (Erodetis
522 3479 697 3548 bornarrytn,
709 3480 824 3548 molyriil
837 3500 855 3535 a
874 3481 1003 3548 kiptalan
1018 3480 1138 3550 poesbtje
1150 3477 1381 3550 birtyaasinegen
1395 3483 1500 3550 suffia

694 3575 777 3626 budai
791 3575 842 3626 kir.
857 3574 982 3626 kamarai
1001 3570 1195 3638 icvbitirbsn.)

832 3863 1041 3874 -.........—.......
