3132 5192
787 284 946 386 *192-

304 481 438 562 terram,
456 475 577 542 lioitum
596 479 638 543 sit
656 481 703 544 eis
720 479 908 562 extraher03
937 478 983 544 ita
999 485 1118 560 tamon,
1150 471 1236 558 quod
1251 473 1393 539 soleant
1410 479 1446 535 et

185 677 190 682 Ι
304 581 434 649 soluere
459 589 631 650 teneantur
647 583 958 653 Communidnoone
974 585 1124 665 duanam,
1135 579 1261 649 seilicet
1275 577 1338 644 XL
1357 578 1444 644 eoli-

303 690 365 758 dos
381 709 439 774 pro
455 693 642 760 centenario
658 692 730 759 libr.
747 693 823 760 den.
839 693 960 760 valoris
975 693 1117 779 ipserum
1134 711 1240 757 rorum
1257 695 1290 755 et
1305 705 1443 753 meroa-

304 800 444 884 oionum,
460 819 543 883 quaa
574 801 782 867 extraxerint.
800 800 880 866 Item
907 797 993 883 quod
1018 797 1187 884 Regnoini,
1202 795 1256 879 qui
1282 793 1447 860 venirent

304 925 376 973 oum
392 923 504 975 eorum
520 907 658 974 nauibm
675 915 707 975 et
722 907 821 992 ligni·
835 907 868 975 iu
884 915 1010 994 portum
1035 909 1176 990 Aneone,
1193 905 1221 971 si
1246 902 1442 994 dioeoarea

306 1016 414 1080 uerint
430 1033 508 1082 ruas
523 1015 744 1082 mercationes
761 1017 795 1080 in
811 1015 955 1102 Annona,
973 1021 1005 1080 et
1021 1012 1138 1084 deindo
1154 1011 1376 1094 eareauerint,
1402 1006 1447 1072 ad

301 1121 520 1190 arberatioum
547 1121 681 1206 aliquod
706 1121 896 1190 soluendum
922 1124 1052 1190 minime
1077 1129 1269 1202 teneantur,
1295 1118 1325 1186 ai
1360 1137 1446 1183 vero

304 1229 584 1314 dioeearcauerint,
600 1237 632 1296 el
652 1251 716 1296 non
731 1231 934 1298 eareauerint
948 1229 1092 1316 Adeone,
1120 1230 1250 1296 aoluaut
1273 1224 1449 1291 arborati·

306 1357 389 1404 oum.
408 1335 489 1402 Item
505 1335 591 1421 quod
608 1335 777 1421 Ragusini,
793 1337 849 1421 qui
865 1339 1040 1422 portabunt
1057 1343 1089 1404 et
1104 1337 1226 1422 portari
1242 1331 1373 1400 facient
1393 1348 1449 1395 rea

304 1451 336 1510 et
368 1441 587 1510 meroaoioneu
612 1444 646 1510 in
670 1445 837 1511 Aneonam
863 1445 998 1529 eiusque
1022 1451 1147 1530 portum
1163 1441 1204 1508 de
1220 1438 1347 1507 'l'uooia
1365 1490 1377 1525 ,
1397 1433 1443 1502 de

304 1549 514 1635 Lombardia,
532 1550 574 1618 de
590 1551 816 1638 Romandiola,
833 1557 866 1617 et
882 1549 923 1617 de
939 1555 1007 1620 tota
1021 1549 1155 1618 Binaria
1177 1549 1338 1616 dictorum
1357 1545 1448 1612 loeo

306 1676 387 1740 rum,
405 1663 471 1724 tam
487 1677 547 1742 per
562 1677 661 1742 mare,
679 1677 777 1742 quam
794 1679 854 1744 per
870 1665 991 1726 terram
1001 1709 1010 1744 ,
1036 1658 1168 1725 soleant
1187 1663 1220 1723 et
1235 1655 1372 1722 soluere
1391 1649 1447 1716 de-

305 1765 403 1832 beant
418 1765 584 1832 Communi
600 1767 734 1832 Anoone
757 1766 909 1856 duanam,
926 1767 1050 1835 eoilioet
1066 1767 1132 1832 XX
1149 1763 1270 1833 solidos
1286 1781 1351 1847 pro
1370 1779 1448 1826 oon-

304 1871 429 1938 tenario
440 1870 511 1938 libr.
521 1872 594 1938 den.
604 1871 645 1938 de
656 1871 752 1939 dieti·
763 1871 1017 1940 mercacionibuo
1028 1879 1060 1940 et
1070 1872 1166 1939 rebus
1177 1870 1338 1938 dictorum
1351 1868 1449 1934 loeo·

304 1996 374 2044 rum
385 1999 393 2060 ς
404 1975 445 2043 de
455 1995 552 2044 auore
568 1983 673 2046 autem
686 1979 984 2046 etmeroaoionibua
999 1977 1127 2064 Apulee
1136 1983 1319 2043 tractentur
1331 1973 1447 2060 predi·

304 2084 348 2148 eti
363 2082 521 2167 Ragueini
537 2082 678 2170 Adeone,
694 2093 729 2151 ut
744 2085 902 2152 haetenus
912 2092 961 2153 eet
971 2089 1159 2152 consuetum
1170 2107 1177 2167 ;
1187 2102 1316 2167 sempor
1328 2089 1447 2148 tamon

305 2187 407 2257 saluis
417 2189 568 2274 eapitnlia
578 2189 855 2259 otordinamentie
865 2191 1049 2259 Communis
1060 2191 1205 2276 Annene,
1220 2209 1283 2274 qne
1299 2187 1446 2272 loquun-

305 2303 355 2362 tur
365 2295 404 2361 de
414 2295 585 2385 frumento,
602 2297 711 2385 blaua,
728 2300 815 2386 vino,
831 2298 902 2367 sale
919 2307 950 2366 et
966 2299 1156 2385 lignamine,
1166 2295 1407 2382 querebantur
1417 2299 1448 2359 et

306 2407 475 2489 portantur
487 2402 663 2470 Anconam.
676 2405 756 2471 Item
772 2405 857 2488 quod
874 2404 1043 2490 Ragnsini,
1060 2404 1116 2488 qui
1127 2405 1168 2470 do
1180 2403 1331 2490 partibus
1343 2403 1445 2469 ultra·

306 2509 438 2577 marinis
454 2515 487 2576 et
502 2510 687 2576 barberinio
703 2531 775 2578 oum
791 2513 887 2580 rebus
902 2512 1047 2597 ipsarum
1064 2511 1223 2598 parcium,
1240 2530 1299 2578 eeu
1311 2511 1445 2577 Levan-

306 2618 348 2683 tie
364 2623 396 2683 et
411 2617 577 2700 Barbarie,
592 2619 722 2686 venient
737 2639 810 2685 enm
826 2621 969 2686 nauibus
986 2619 1027 2686 de
1051 2621 1191 2686 Ancona
1206 2637 1309 2686 oauaa
1336 2615 1445 2706 appli-

306 2723 401 2790 oundi
418 2730 450 2788 el
466 2721 687 2792 dieeuaroandi
718 2727 866 2811 Regnoij,
883 2725 1045 2811 siquidem
1060 2747 1128 2794 non
1145 2725 1367 2814 applicabunt
1384 2744 1441 2790 eon

306 2829 644 2918 diusoaroabuntapud
654 2834 844 2916 Ragonium,
859 2834 1076 2903 advenerint
1088 2835 1267 2920 Annonam,
1283 2841 1317 2899 et
1334 2833 1444 2898 voluc-

306 2937 370 3001 rint
385 2935 462 3004 dieti
487 2938 643 3024 Raguaini
669 2940 809 3008 vendere
832 2941 937 3008 diotae
954 2941 1174 3009 meroaeiones
1200 2943 1351 3021 Aneone,
1382 2937 1442 3005 ool·
1563 2961 1565 2966 ·

307 3049 386 3108 nant
400 3050 432 3109 et
447 3043 575 3112 uoluere
589 3052 759 3114 teneantur
785 3045 925 3115 duanam
952 3041 1122 3115 ¹Communi
1141 3050 1288 3134 Ancona,
1314 3049 1444 3116 aeilioet

307 3149 366 3214 XL
397 3150 513 3218 rolidoe
529 3172 587 3237 pro
597 3155 782 3220 centenario
794 3155 865 3220 libr.
877 3155 951 3222 den.
970 3155 1029 3223 Sin
1045 3164 1154 3223 autom
1170 3153 1317 3224 vendere
1328 3155 1441 3222 noluo·

306 3254 370 3319 rint
384 3255 527 3338 Aneone,
544 3265 577 3323 et
591 3258 681 3342 ipsas
698 3279 750 3326 rea
766 3260 936 3328 extrahere
952 3263 1115 3329 voluerint
1130 3262 1172 3329 de
1188 3263 1330 3330 Annona
1342 3279 1442 3329 cauea

308 3363 459 3445 portandi
476 3365 662 3449 Ragonium,
679 3366 775 3433 lineat
790 3365 910 3435 eisdem
927 3369 1101 3454 Rugusinia
1126 3389 1184 3437 eas
1202 3369 1382 3438 extrahere
1406 3367 1440 3432 li·

306 3469 382 3534 bere
397 3469 468 3534 aine
483 3469 590 3553 aliquo
607 3469 710 3556 doeio,
727 3473 900 3541 dummodo
918 3475 996 3541 dent
1012 3473 1182 3543 Communi
1199 3475 1338 3543 Aneone
1364 3472 1440 3561 ydo-
1562 3557 1563 3564 ἵ

306 3592 401 3639 neam
431 3577 635 3644 eeouritatam
667 3581 707 3646 de
738 3582 897 3665 portando
923 3583 1012 3668 ipsae
1027 3604 1078 3651 rea
1095 3585 1279 3669 Rugusium
1297 3591 1435 3650 tanturn.

307 3679 386 3744 Item
401 3679 528 3762 quodsi
546 3683 624 3750 dieti
640 3687 809 3774 Raguuini,
826 3691 880 3772 qui
896 3708 968 3755 eum
994 3711 1104 3757 eorum
1122 3690 1262 3758 nauibus
1279 3699 1312 3756 et
1334 3689 1435 3774 lignis
1562 3755 1563 3760 ,

310 3783 485 3850 oarcabunt
509 3785 642 3870 Rugosii
664 3791 716 3857 vel
732 3791 764 3856 in
781 3795 890 3876 aliquo
905 3795 970 3863 alio
988 3797 1057 3862 loeo
1073 3797 1178 3863 tocius
1201 3795 1333 3863 Riuerie
1346 3795 1438 3862 Seia·

274 3949 282 3960 ,
308 3889 415 3977 uonie,
433 3897 544 3959 euntes
561 3912 617 3976 per
635 3895 755 3962 dietam
772 3899 936 3966 Riueriam
953 3920 1054 3984 voque
1079 3901 1252 3988 Veneoias,
1278 3909 1314 3970 et
1329 3925 1352 3969 a
1378 3901 1433 3964 Ve-

307 3993 409 4083 neoije
434 3995 605 4065 redeuntes
620 4019 678 4084 per
693 4001 812 4068 dietam
830 4005 932 4072 riuum
949 4027 1062 4074 versus
1088 4008 1282 4094 Ragonium,
1299 4017 1332 4075 et
1362 4025 1436 4075 earu

306 4099 435 4167 fortuito
451 4102 528 4168 mali
544 4106 698 4190 temporis
714 4109 764 4174 uel
781 4112 994 4179 eoreariorum
1010 4113 1133 4197 timore,
1153 4115 1206 4180 rel
1222 4115 1312 4196 quod
1341 4114 1434 4182 naula
1561 4101 1562 4106 ¹

308 4207 492 4274 immitteret
500 4230 624 4294 aquarn,
634 4213 759 4280 venerit
768 4215 811 4279 ad
820 4225 946 4303 portum
958 4221 1223 4305 Aneona3lioeat
1233 4219 1362 4288 eisdem
1377 4219 1436 4287 dia·
1561 4285 1562 4308 ,

310 4330 457 4379 uoaroare
488 4315 521 4379 in
537 4323 666 4402 terram,
684 4327 715 4384 at
731 4341 862 4389 oaroare
879 4323 982 4393 dietas
999 4345 1062 4410 ree,
1090 4334 1123 4393 et
1146 4325 1226 4394 inde
1252 4329 1345 4394 exire
1370 4327 1434 4396 eine

309 4415 417 4497 aliqua
427 4417 522 4483 daoia
538 4420 705 4504 soluenda,
724 4425 895 4496 dummodo
911 4437 1040 4515 portent
1055 4453 1106 4498 res
1122 4432 1215 4515 ipsas
1231 4435 1264 4499 in
1283 4434 1377 4499 illarn
1395 4433 1432 4498 ri·

309 4537 383 4584 uam
400 4519 570 4592 Seiauouio
586 4529 636 4594 vel
652 4509 870 4602 Veraniolum.
887 4535 944 4602 Sin
962 4545 1069 4604 autem
1087 4539 1178 4625 ipsas
1206 4559 1260 4606 res
1286 4545 1430 4625 portaue-
