3124 5194
857 363 1017 462 ,ffl-

371 557 573 641 preseueium
590 559 738 625 volumus
753 559 944 644 peruenire:
970 556 1058 643 quod
1079 556 1268 626 Alexander
1284 563 1317 623 et
1332 555 1501 625 lohannes

371 663 432 748 tilij
448 663 641 752 Alexandry
655 665 738 732 Bsni
753 666 798 732 ad
812 673 958 733 nostram
983 665 1203 750 personaliter
1217 664 1417 732 aecedentes
1432 679 1497 748 pre

374 770 516 838 seusiam
534 781 779 860 proposuerunt,
796 774 883 866 quod
908 773 1072 858 quandam
1088 785 1206 840 terram
1222 774 1369 858 ipsorum
1385 771 1500 853 aquisi-

373 888 440 946 tam
456 879 555 946 Seent
567 881 669 949 Jaoob
682 883 877 949 voeatamin
887 882 1053 949 eomitatu
1068 881 1154 948 Noui
1170 879 1277 947 castri
1294 879 1499 955 existentem,

373 1007 446 1054 oum
461 988 623 1056 vuinersis
632 988 823 1056 utilitatibus
831 997 865 1058 et
874 989 1082 1075 pertineueijs
1097 989 1175 1074 suis,
1184 991 1245 1054 snb
1263 985 1389 1054 eisdem
1406 985 1500 1052 oertis

375 1095 472 1162 metis
489 1104 521 1161 et
536 1095 689 1178 antiquis,
705 1097 823 1181 quibus
833 1095 940 1163 dietus
956 1105 1052 1182 pater
1067 1096 1209 1181 ipsorum
1226 1103 1259 1161 et
1273 1094 1376 1180 ijdem
1394 1112 1500 1180 posse

379 1200 496 1268 derunt
512 1211 543 1270 et
574 1209 764 1290 tenuerunt,
794 1203 978 1289 dedissent,
1011 1205 1194 1272 donassent
1223 1209 1257 1270 et
1288 1203 1502 1268 contulissent

377 1308 508 1374 domine
524 1309 625 1376 sorori
651 1313 805 1394 ipsorum,
823 1310 964 1378 consorti
997 1311 1146 1395 Magistri
1178 1309 1265 1375 Petri
1281 1309 1341 1394 lilij
1368 1307 1499 1374 Comitis

378 1415 558 1502 Cempoldy
567 1465 578 1500 ,
596 1425 629 1482 et
645 1439 703 1502 per
719 1437 790 1484 eam
816 1421 879 1504 ipsi
894 1417 1052 1502 Magistro
1068 1417 1177 1504 Petro,
1194 1427 1226 1483 et
1242 1417 1311 1483 suis
1328 1415 1499 1482 heredibus

377 1529 444 1588 tam
469 1525 648 1608 procreatis
677 1546 774 1608 quam
790 1526 1009 1612 procreandis,
1036 1526 1107 1590 iure
1123 1531 1278 1610 perpetuo
1295 1530 1328 1590 et
1345 1524 1501 1590 irreuoea·

373 1628 482 1695 biliter
497 1630 633 1715 paeiliee
650 1631 832 1698 habendam
848 1639 881 1699 et
897 1631 1136 1717 possidendam.
1162 1631 1201 1696 ln
1225 1631 1316 1697 euius
1333 1651 1394 1714 rey
1408 1629 1494 1696 testi·

303 1767 307 1776 ·
376 1737 519 1803 monium
550 1737 593 1802 ad
624 1737 818 1805 instanciam
849 1739 1026 1806 eorundem
1051 1747 1219 1822 presentes
1233 1739 1429 1805 contulimus
1455 1737 1494 1802 si-

376 1841 449 1928 gilli
473 1846 573 1910 nostri
606 1846 782 1912 munimine
813 1849 991 1913 roboratas.
1023 1847 1233 1913 Presentibus
1257 1849 1368 1911 tamen
1396 1843 1492 1928 stagi-

377 1957 445 2016 stro
474 1951 623 2018 iohanne
654 1952 801 2035 Leotore,
829 1953 952 2038 Mykou
984 1953 1133 2037 Custode,
1159 1952 1300 2018 Martino
1319 1951 1362 2017 de
1381 1950 1494 2034 Patbs,

375 2057 518 2143 Symone
532 2058 574 2124 de
588 2059 737 2146 Zomlyn,
767 2059 929 2126 Bernaldo
953 2059 994 2125 de
1024 2059 1179 2138 Sumbun,
1208 2055 1327 2141 Egldio
1343 2059 1386 2124 de
1402 2057 1495 2140 an,

377 2164 531 2248 llagistro
555 2165 706 2232 Jobanne
732 2167 773 2232 de
795 2167 905 2233 Heoes
935 2165 1196 2253 Arelridiaconis,
1213 2175 1245 2232 et
1275 2165 1355 2248 alijs
1378 2163 1489 2247 multis,

378 2290 464 2336 anno
483 2271 615 2338 Domini
647 2273 766 2340 ll⁰OO⁰
797 2275 1016 2358 nonagesimo
1036 2283 1139 2341 sexto.
1171 2275 1342 2357 Regnante
1367 2272 1492 2338 Audrea

382 2375 502 2444 Illustri
528 2379 617 2462 Rege
652 2381 840 2465 Euagrius,
864 2379 1056 2447 Lodomerio
1088 2381 1316 2465 Strigoniensi,
1348 2379 1490 2446 Jobanne

380 2484 548 2554 Goloeensi
575 2487 859 2574 archiepiscopis,
885 2487 1017 2554 domino
1042 2497 1154 2556 nostro
1194 2485 1376 2554 venerabili
1408 2493 1492 2570 patre

382 2593 517 2660 Andres
527 2593 590 2660 Dei
600 2597 713 2680 grauia
724 2595 887 2682 Episeopo
900 2596 1125 2664 existentibus.

745 2775 774 2840 A
932 2775 959 2840 Β
1115 2773 1141 2839 O

381 2948 518 3013 (Eredstie
532 2947 705 3017 bb‘rbirtydu,
719 2953 832 3018 melyrdl
844 2967 860 3002 a
873 2951 967 3020 peestt
989 2951 1138 3021 ltili-sirga
1149 2953 1377 3018 selyemxsindron
1389 2956 1451 3018 tdgg
1461 2969 1467 3014 ς
1479 2965 1497 3000 a

699 3043 781 3094 budsi
793 3042 844 3093 kir.
858 3043 981 3094 lamuel
994 3040 1185 3109 levdltdrbsu.)

912 3847 989 3918 151.

377 4033 426 4082 Aa
443 4023 514 4101 apri
527 4019 745 4108 taprobanes
756 4026 1024 4114 bizonpsotpbeoote,
1048 4035 1132 4116 kopp
1157 4030 1255 4098 Koeri
1284 4031 1490 4099 Tibernene

377 4123 500 4189 Zokala
514 4125 779 4216 bdysdpetznelsoi
796 4133 920 4200 Ranae
934 4137 1178 4220 uddorflninak
1203 4140 1380 4225 dtenqedte.
1405 4132 1491 4205 1296.

508 4299 664 4370 Omnibus
705 4303 826 4372 Christi
867 4307 1014 4377 fidelibus
1053 4317 1121 4378 tam
1162 4314 1372 4397 presentibus
1411 4329 1496 4396 quam¹

378 4395 495 4468 futuris
525 4424 661 4490 presens
700 4411 854 4494 seriptum
894 4415 1091 4500 inspecturis
1125 4415 1318 4502 Capitulum
1353 4415 1490 4486 Eeelesie

377 4499 546 4584 Agriensis
578 4514 715 4580 salutem
745 4517 779 4582 in
807 4517 948 4584 omnium
979 4521 1153 4589 saluatore.
1186 4521 1240 4588 Ad
1277 4523 1493 4591 uniuersorum

381 4604 535 4675 notioiam
561 4621 672 4684 tenore
713 4622 914 4700 preseneium
940 4625 1090 4720 volumus
1122 4629 1318 4716 peruenire,
1341 4627 1427 4712 quod
1448 4623 1498 4692 Oe
