3132 5192
883 979 937 1045 ts.

1557 897 1560 962 l

801 1119 806 1124 .

357 1177 389 1243 A
401 1181 558 1263 pozcoayi
573 1178 801 1262 kdptalauaok
817 1177 1090 1262 biaouycdylecelc,
1107 1178 1191 1262 boqy
1207 1175 1344 1239 Bazint
1371 1173 1488 1237 Korma
1558 1149 1560 1304 Ι

357 1307 456 1350 comeo
488 1281 654 1350 Fattsztar
679 1290 757 1346 aevo
789 1284 927 1348 birtolcot
953 1285 1173 1349 scroicrwc'uelc
1201 1281 1393 1347 Maecenat·
1423 1279 1490 1342 udo
1558 1307 1560 1352 ι

770 1393 946 1474 uuiayozta.
975 1386 1071 1454 1291.
1554 1353 1560 1440 Ι

465 1579 633 1649 Vniuersis
649 1581 770 1648 Christi
791 1581 940 1649 fidelibus
956 1588 1124 1670 presentes
1140 1581 1269 1647 litteras
1294 1577 1489 1664 inspecturis

360 1688 543 1775 Capitulum
559 1687 705 1756 Ecclesia
722 1688 931 1756 Posoniensis
947 1689 1085 1756 salntem
1102 1690 1136 1755 in
1163 1689 1317 1756 Domino.
1347 1685 1403 1751 Ad
1428 1681 1489 1748 rni-

358 1813 522 1864 uersorum
554 1795 704 1862 noticiam
737 1803 850 1862 tenore
889 1797 1092 1880 presencium
1128 1797 1275 1862 volumus
1308 1789 1487 1882 peruenire,

357 1901 443 1987 quod
458 1903 641 1968 constitutis
660 1902 875 1986 personaliter
891 1923 998 1969 coram
1025 1903 1119 1969 nobis
1143 1901 1246 1968 nobili
1272 1901 1346 1968 viro
1374 1899 1488 1964 Corma

359 2007 482 2076 Gemite
497 2007 564 2075 tilio
581 2007 716 2075 Comitis
733 2006 849 2074 Cozme
865 2007 907 2074 dc
923 2010 1049 2094 Bozyn,
1066 2018 1097 2074 ct
1113 2007 1254 2092 quodam
1270 2009 1398 2074 iuuene
1424 2001 1487 2066 Gon

359 2115 490 2181 nomine
505 2113 640 2180 officiali
657 2115 790 2182 Comitis
806 2115 899 2182 Pauli
917 2115 1029 2181 fratris
1045 2115 1183 2200 predicti
1211 2115 1333 2182 Oozme
1360 2131 1420 2198 pro
1445 2127 1488 2174 eo

358 2221 433 2287 dem
448 2221 551 2287 Paulo
567 2219 697 2288 domino
714 2241 772 2288 suo
798 2224 840 2290 ab
866 2241 932 2288 una
956 2229 1058 2308 parte,
1085 2229 1118 2290 et
1142 2222 1300 2290 Ladizlao
1328 2220 1398 2284 filio
1424 2215 1485 2280 Ste-

358 2327 460 2412 pbani
474 2333 637 2395 seruiente
652 2329 796 2396 eiusdem
814 2329 948 2397 Comitis
965 2331 1083 2400 Oozmo
1099 2333 1142 2398 ab
1159 2331 1284 2414 altcra3
1305 2329 1397 2395 idem
1415 2325 1483 2391 Cor·

361 2453 432 2500 mas
448 2441 495 2500 cst
513 2433 679 2504 confessos
696 2436 772 2503 vina
788 2457 876 2520 uoce,
895 2438 980 2520 qnod
997 2439 1140 2524 prelatus
1150 2435 1330 2503 Ladizlaus
1343 2433 1484 2502 seruiens

358 2560 434 2610 suns
450 2541 513 2608 sibi
529 2562 549 2608 a
565 2541 675 2609 multis
691 2543 890 2627 temporibus
907 2547 1069 2612 anteactis
1084 2545 1198 2612 fidelia
1214 2543 1362 2610 seruicia
1378 2547 1411 2606 et
1425 2554 1481 2604 me-

359 2649 471 2715 ritoria
485 2649 650 2734 obsequia,
667 2647 806 2716 diuersis
824 2651 955 2718 casibus
971 2652 1098 2719 fortune
1114 2651 1308 2737 exponendo
1335 2670 1383 2732 se,
1409 2652 1479 2710 tem·

359 2755 489 2840 poribus
505 2761 537 2822 et
552 2754 632 2821 locis
650 2757 817 2840 oportunis
834 2778 963 2844 semper
979 2765 1010 2825 et
1026 2757 1189 2826 indefesse
1204 2757 1426 2845 inpendissct3
1448 2755 1477 2814 et

360 2862 498 2929 maxime
513 2862 617 2948 ipsum
634 2865 782 2930 Cozmam
800 2865 955 2933 Comitem
980 2867 1147 2936 dominnm
1172 2887 1266 2935 suum
1291 2887 1313 2930 a
1338 2857 1479 2950 periculo

360 2977 392 3035 ct
421 2989 507 3056 pena
531 2971 644 3038 mortis
669 2979 818 3058 prompta
843 2980 875 3038 et
899 2973 1050 3041 ordinata
1074 2995 1131 3061 per
1158 2973 1386 3042 Eberhardum
1411 2973 1477 3031 tunt

361 3076 517 3144 Comitem
532 3077 773 3166 Poeoniensem,
791 3100 849 3146 suo
865 3080 988 3154 auxilio
1006 3089 1037 3148 et
1052 3081 1128 3146 fidei
1144 3081 1281 3151 oonsilio
1297 3075 1477 3144 liberasset.

361 3185 423 3252 Pro
438 3203 501 3270 quo
518 3182 604 3250 sacto
620 3181 706 3250 idem
722 3184 897 3253 Ladizlaus
913 3189 1032 3254 ablatis
1048 3189 1197 3254 omnibus
1215 3186 1309 3254 bonis
1324 3183 1395 3252 suis
1411 3197 1473 3264 pro-

360 3291 442 3376 prijs
458 3297 489 3356 et
504 3291 695 3376 populorum
712 3312 842 3359 suorum
858 3293 891 3358 in
907 3293 989 3360 oilla
1004 3315 1065 3362 sua
1080 3295 1166 3361 circa
1182 3276 1324 3360 Homoro
1341 3289 1476 3358 existen-

359 3398 455 3484 cium,
471 3400 646 3464 maximnm
662 3398 835 3486 dampnum
851 3407 883 3468 et
898 3402 1181 3488 proscriptionem,
1199 3420 1238 3466 ac
1254 3419 1375 3486 graues
1401 3391 1475 3460 iuui-

359 3505 425 3571 rias
440 3507 672 3590 subportasset.
690 3507 753 3572 Pro
769 3506 883 3591 quibus
909 3515 956 3574 tot
980 3515 1013 3576 et
1038 3509 1137 3575 tantis
1159 3506 1307 3588 seruiciJs
1332 3500 1475 3569 fidelibus

359 3618 391 3674 et
407 3610 579 3678 admodum
597 3615 765 3697 oportunis
782 3611 887 3680 eidem
903 3613 1057 3681 Ladizlao
1085 3611 1421 3699 recompensacionem
1437 3602 1452 3666 f
1468 3635 1476 3645 ·

357 3735 431 3782 cere
446 3716 578 3800 cupiens
595 3719 781 3804 aliqualem,
798 3721 872 3788 licet
887 3723 1037 3806 exiguam
1055 3729 1087 3788 ct
1104 3720 1264 3787 modicam
1281 3741 1288 3800 ;
1304 3723 1412 3783 tamen
1437 3705 1473 3775 ad
1561 3805 1562 3810 ἵ

360 3841 492 3909 presens
507 3823 671 3904 quandam
687 3827 922 3907 possessionem
947 3849 1040 3896 suam
1066 3827 1294 3894 hereditariam
1320 3823 1364 3888 ad
1389 3831 1472 3887 suam
1561 3825 1563 3870 t

361 3927 520 4016 propriam
553 3929 736 4014 porcionem
754 3934 977 4020 pertinentem,
994 3933 1146 4001 videlicet
1161 3929 1396 4000 dimidietatem
1410 3940 1471 4010 pos·

362 4037 515 4105 sessionis
531 4036 677 4105 Pbalista
694 4047 807 4106 uocate
819 4042 851 4107 in
863 4041 1035 4109 Ghollocua
1053 4039 1233 4125 existentis,
1250 4057 1324 4103 cnm
1335 4031 1475 4101 omnibns
1560 4051 1563 4168 1

361 4143 556 4212 utilitatibus
582 4147 659 4233 suis,
678 4147 802 4215 scilicet
826 4151 919 4217 terris
951 4151 1130 4217 arabilibus
1157 4155 1189 4214 et
1206 4167 1267 4212 non
1296 4139 1473 4212 arabilibus,
1561 4169 1563 4204 ε

363 4253 474 4340 pratis,
492 4253 618 4340 tenetis,
628 4253 759 4338 pascuis
771 4275 932 4344 pecorum,
951 4257 1046 4340 aquis
1063 4263 1094 4322 et
1111 4253 1257 4339 piscinis,
1274 4272 1314 4318 ac
1330 4250 1397 4317 suis
1413 4259 1473 4330 per·
1558 4249 1563 4342 i

362 4359 510 4444 tinencijs
525 4361 695 4444 uniuersis,
713 4381 785 4428 cum
811 4364 895 4431 bona
910 4365 1079 4432 voluntate
1108 4361 1241 4429 Comitis
1265 4358 1359 4426 Pauli
1383 4349 1472 4420 karis-
1561 4361 1563 4388 l

362 4468 435 4536 simi
465 4453 573 4535 fratris
599 4470 649 4536 sui
674 4471 911 4540 consencientis
937 4481 968 4540 ct
994 4471 1215 4561 permittentis,
1244 4465 1419 4532 liberaliter
1441 4452 1472 4520 'ot
1561 4453 1563 4460 '

363 4574 505 4662 libenter,
521 4575 603 4643 sicut
620 4578 725 4644 eciam
750 4578 810 4644 boc
835 4583 929 4650 nobis
955 4583 1120 4668 predictus
1147 4578 1218 4646 Gon
1245 4595 1285 4642 cr
1309 4580 1402 4658 parte
1426 4563 1472 4630 ἅθ’
1561 4553 1563 4644 Ϊ
