3124 5194
416 273 790 412 ffaag

21 580 22 583 ,
114 515 234 576 tuamm
250 509 347 575 certis
363 509 458 574 motis
475 514 508 572 et
521 505 667 574 terminis
684 504 826 590 rudique
858 506 1101 576 circumdatam
1118 515 1150 574 et
1175 509 1243 576 nal·
1303 525 1308 530 ·

117 613 212 680 latam
228 612 457 698 Guecedystha
475 613 528 680 661
545 611 723 700 Hydrrygb
739 619 890 679 uocatam
907 621 965 681 aut
990 604 1140 704 uocatas,
1168 634 1242 683 cum

115 720 258 788 omnibus
289 720 356 788 suis
378 720 596 806 utilitatibus,
622 718 739 785 (tomiti
765 718 888 786 Thome
913 719 983 786 filio
1008 721 1176 792 Benedicti
1200 722 1243 792 de

115 829 230 915 necno,
246 835 279 896 et
293 827 422 895 domine
438 827 532 894 uxori
548 823 703 911 eiusdem,
728 829 830 896 sorori
842 823 992 895 videlicet
1016 847 1074 897 sue
1100 829 1237 918 carnali,

115 955 283 1020 eorumque
298 936 473 1004 heredibus
490 935 689 1023 contulisset,
707 934 896 1004 tradidisset
912 938 947 1002 16
972 943 1177 1023 perpetuum,
1208 944 1240 1007 et

111 1044 263 1130 dedisset,
280 1052 375 1130 prout
391 1046 424 1111 in
437 1045 539 1113 altero
550 1044 724 1131 priuilegio
751 1051 862 1110 nostro
889 1045 1030 1112 uidimus
1061 1046 1241 1116 contineri:

114 1152 219 1236 itaque
240 1153 313 1238 ipso
329 1153 455 1220 Oomitc
470 1153 596 1220 Thomu
611 1152 749 1238 populos
766 1171 863 1237 supra
888 1152 974 1218 banc
998 1158 1119 1222 terram
1147 1173 1240 1222 suam

113 1267 350 1348 congregante,
376 1281 452 1329 6666
477 1260 563 1328 idem
589 1260 748 1346 Magister
770 1257 964 1328 Benedictus
991 1261 1128 1330 eundem
1152 1259 1236 1328 ’1116-

113 1385 193 1432 mam
210 1372 244 1432 et
260 1386 371 1436 omnes
388 1366 575 1450 iobagiones
592 1387 676 1446 snos,
696 1386 776 1451 quos
793 1367 907 1434 babuit
923 1388 1021 1454 snper
1045 1367 1107 1435 bac
1134 1377 1233 1458 terra,
1357 1429 1365 1443 .

12 1463 15 1467 ¹
113 1476 364 1558 consequencius
380 1476 489 1559 sepius
506 1473 705 1542 destruendo
721 1473 903 1563 aufugerit,
931 1477 1134 1562 eandemque
1163 1497 1236 1563 pos·

114 1583 289 1650 sessionem
306 1581 536 1670 Gneredystba
552 1582 604 1650 uel
629 1581 806 1670 Hydrrygb
832 1591 981 1651 uocatam
1008 1585 1238 1670 potencialiter

115 1692 295 1779 occupauit,
311 1689 518 1779 percipiendo
534 1691 681 1759 redditus
697 1693 767 1758 siue
792 1691 913 1758 fruetus
939 1691 1035 1758 huius
1061 1692 1242 1777 possessio·

10 1879 11 1886 ἵ
110 1796 297 1865 6161616166
314 1799 456 1884 quinquo
472 1799 639 1868 66616661
663 1819 763 1884 supra
789 1801 854 1865 iam
882 1799 1012 1884 elapsis.
1038 1798 1143 1885 Igitur
1168 1800 1240 1884 ipae

113 1905 224 1974 Comes
233 1907 377 1975 Thomas
387 1907 526 1975 eundem
536 1905 727 1990 Magistrum
738 1907 949 1975 Benedictum
960 1913 992 1974 et
1003 1905 1161 1992 quosdam
1173 1926 1239 1974 ser·

113 2011 232 2080 nienter
249 2035 326 2082 snos
342 2035 403 2101 pro
417 2016 486 2082 suis
512 2015 662 2100 dampnis
677 2014 720 2081 ad
747 2015 970 2100 quadraginta
996 2036 1124 2083 mareas
1145 2013 1235 2105 judi-

112 2119 204 2187 ciarie
215 2123 413 2208 computatis
429 2122 472 2190 ad
489 2122 699 2190 Presenciam
715 2123 855 2208 Regiam
872 2127 1053 2210 6666666661,
1070 2122 1231 2208 siquidem

111 2233 175 2296 tam
192 2249 294 2314 super
310 2229 461 2316 dampnis
476 2232 554 2316 suis,
571 2249 733 2315 quamque
750 2247 846 2315 sapor
871 2228 961 2296 facto
986 2229 1084 2296 buius
1108 2249 1235 2316 posses·

113 2335 206 2404 sionis
223 2339 268 2404 ab
284 2337 429 2421 utrisque
444 2337 589 2424 partibus
605 2336 720 2404 luisset
738 2336 868 2421 longius
895 2337 1108 2424 disceptatum
1135 2339 1238 2422 Regio
1298 2399 1300 2408 ,

112 2445 144 2510 16
160 2451 346 2530 conspectu.
363 2444 600 2512 Niobilominns
616 2445 689 2530 ipso
703 2446 860 2530 Magistro
878 2444 1053 2512 Benedioto
1070 2465 1142 2513 cum
1167 2445 1234 2516 6616

113 2553 328 2620 seruientibus
345 2560 459 2620 contra
477 2551 634 2620 Comitem
650 2553 809 2619 Thomam
827 2553 862 2618 in
877 2552 1025 2638 pluribus
1037 2553 1174 2639 judioijs
1192 2553 1236 2622 le·

110 2659 221 2742 ,gitime
238 2660 399 2742 conuicio,
416 2661 500 2728 sieut
515 2660 548 2727 in
564 2661 702 2729 diuersis
718 2663 852 2748 paribus
880 2661 1061 2729 litterarum
1084 2662 1236 2730 Judicum

115 2765 205 2834 (lurie
224 2767 347 2834 domini
363 2769 459 2854 Regis
476 2776 508 2834 et
523 2775 708 2836 nostrarum
733 2767 873 2837 uidimus
898 2769 1067 2854 contineri,
1091 2789 1231 2853 namque

113 2876 259 2960 partibus
276 2875 401 2942 diucius
430 2876 698 2964 alterqnantibns,
725 2883 758 2944 et
782 2878 915 2944 tandem
943 2877 984 2943 de
1010 2875 1179 2944 uoluntate
1193 2883 1237 2974 yet

114 2985 325 3069 permissione
341 2984 446 3068 Regia
461 3005 497 3048 66
522 2984 857 3071 compromittentibus
884 2984 917 3049 in
942 2983 1092 3068 arbitros,
1119 3002 1233 3050 secun·

113 3090 183 3156 dum
200 3111 337 3176 quornm
354 3091 532 3181 arbitrium,
548 3090 703 3158 videlicet
719 3091 854 3160 Comitis
877 3092 1007 3177 Kemyu
1033 3090 1167 3158 Comitis
1199 3089 1241 3156 de

113 3197 240 3267 Borona
257 3198 313 3283 filij
333 3196 470 3265 Comitis
495 3198 669 3284 Laurencij
696 3198 860 3284 quondam
889 3198 1054 3284 Palatini;
1084 3201 1161 3265 item
1179 3199 1236 3265 06-

7 3343 9 3392 ,
114 3305 197 3372 mitis
213 3305 326 3372 Andre
351 3305 408 3393 filij
427 3307 515 3372 Petri
523 3359 534 3394 ,
565 3307 737 3374 Bencencb
766 3307 825 3392 filij
852 3305 993 3394 Martini,
1025 3305 1179 3372 nobilium
1199 3304 1240 3371 de

7 3397 8 3450 3
114 3433 231 3498 genere
263 3413 429 3500 Budmyr;
462 3415 538 3482 item
563 3416 696 3482 Comitis
723 3413 858 3481 Ornolth
884 3415 942 3500 filij
969 3413 1075 3498 Ylarij
1109 3413 1150 3480 de
1182 3433 1238 3497 ge·

114 3542 189 3589 nere
204 3524 388 3611 Nemptby;
417 3525 495 3589 item
522 3523 685 3610 Mykaelis
701 3523 756 3608 filij
788 3522 953 3610 Mykaelis
978 3522 1019 3589 de
1049 3521 1141 3594 iuxta
1171 3522 1238 3589 Ka·

115 3650 206 3716 amn,
223 3632 302 3698 item
333 3631 448 3698 Beeka
476 3630 535 3708 filii
562 3631 710 3698 Marcelli
738 3627 871 3698 Comitis
903 3630 943 3696 de
963 3629 1134 3718 Chytbou3
1161 3630 1239 3698 item

115 3736 247 3806 domitis
262 3738 352 3804 Petri
369 3739 426 3827 iilij
445 3739 560 3804 Buobk
579 3739 619 3805 (16
645 3739 792 3824 Bermen,
819 3747 852 3804 et
878 3735 1011 3806 Comitis
1037 3738 1149 3823 Buryn
1170 3737 1234 3825 'filij

7 3867 9 3922 i
115 3845 223 3934 Buryn
239 3847 280 3914 de
295 3845 469 3932 Horostby,
487 3848 634 3914 Morootb
650 3847 744 3932 Nigri
762 3849 803 3914 de
818 3848 936 3935 Peray,
953 3847 1067 3916 Jacobi
1093 3847 1151 3931 filij
1178 3848 1239 3913 Po-

7 3931 10 4018 1
115 3956 233 4041 runiou,
250 3955 408 4022 nobilium
435 3955 615 4022 Comitatus
639 3955 680 4022 de
705 3955 846 4041 Baiana,
872 3955 1073 4039 aliorumque
1096 3957 1239 4021 virorum

115 4063 268 4130 nobilium
285 4062 621 4150 comprouincialium,
638 4071 747 4149 partes
765 4063 1001 4130 concordarunt
1016 4065 1049 4130 in
1069 4061 1155 4128 huno
1171 4079 1238 4127 mo·

7 4171 9 4236 l
115 4169 189 4236 dum
205 4191 313 4238 coram
330 4170 441 4238 nobis:
458 4171 591 4239 Scilicet
607 4173 677 4259 ipse
693 4171 809 4239 Comes
826 4171 967 4240 Thomas
993 4177 1123 4256 propter
1148 4169 1238 4256 pium

113 4277 323 4361 cognacionis
339 4280 491 4348 affectum
508 4284 541 4346 et
553 4299 696 4346 amorem
707 4279 846 4366 benigne
857 4276 1132 4361 condescendens,
1144 4297 1237 4344 suum

7 4383 9 4466 ἶ
115 4389 213 4454 totum
228 4386 407 4472 dampnum
423 4393 634 4454 memoratum
651 4388 695 4454 ad
711 4385 929 4472 quadraginta
945 4403 1072 4454 mareas
1088 4403 1147 4470 per
1172 4404 1240 4452 eos·

7 4555 8 4582 ,
115 4493 185 4560 dem
200 4495 411 4563 arbitratores
428 4495 626 4563 numerando
643 4501 883 4582 computatum,
898 4496 975 4561 item
992 4499 1095 4562 totam
1115 4493 1235 4580 porcio·

115 4617 183 4663 nom
200 4621 291 4668 suam
308 4601 341 4668 in
357 4600 553 4686 supradictis
564 4602 701 4688 judicijs
717 4602 780 4670 sibi
798 4601 941 4673 debitam
958 4607 991 4671 et
1007 4598 1178 4670 debentem
1195 4604 1240 4671 ad
