3132 5192
63 1253 109 1317 Aa
123 1258 193 1338 apri
209 1256 434 1342 ledptuluuuuk
442 1258 591 1340 jeleutdse
621 1259 686 1323 ΙΙΙ.
704 1261 814 1326 msere
831 1262 1012 1346 scrupeos,
1029 1267 1114 1351 copy
1129 1267 1188 1331 Bc·

188 1385 246 1427 zeu
261 1365 386 1450 Itelyadp
402 1365 510 1428 Poulei
526 1366 698 1432 Jalcodrcalc
712 1370 935 1435 statudltatott.
957 1371 1055 1436 1292.

164 1557 450 1626 Excellentissimo
467 1559 596 1627 domino
612 1581 680 1642 suo,
697 1561 828 1629 domino
852 1563 980 1633 Andree
998 1569 1058 1633 Dei
1075 1571 1188 1652 gracia

1 1676 2 1681 ’
60 1663 179 1732 Illustri
196 1665 281 1748 Regi
305 1665 475 1748 Hungarie
501 1664 686 1753 Capitulum
703 1670 849 1737 Ecclesia
865 1671 1034 1755 Agriensis
1063 1677 1185 1744 oracio·

1 1791 2 1794 ¹
60 1791 114 1838 nes
130 1773 164 1840 in
180 1773 323 1841 Domino
341 1795 413 1840 cum
429 1783 587 1860 perpetua
596 1777 764 1846 fidelitate.
783 1779 922 1846 Litteras
940 1787 1047 1850 vestre
1062 1783 1184 1868 Magni·

1 1870 2 1875 ’
61 1880 178 1948 tudinis
195 1881 379 1966 recepimus
396 1885 620 1969 continentes,
649 1886 734 1968 quod
760 1907 859 1953 vnum
875 1907 915 1953 ex
932 1889 1025 1957 nobis
1045 1889 1186 1958 mittere·

60 2007 126 2054 nus
141 2008 200 2074 pro
217 1989 416 2074 testimonio,
441 2010 551 2057 coram
568 2012 631 2076 quo
647 1992 836 2061 Felioiunus
854 1995 894 2060 de
910 1996 1078 2063 Matheuth
1095 1997 1182 2065 ioba-

10 2121 13 2125 ·
59 2097 110 2179 gio
126 2095 235 2162 Castri
251 2096 293 2164 de
309 2099 408 2180 Hung
423 2097 517 2165 homo
533 2107 644 2166 vester
658 2105 780 2168 terram
795 2122 853 2170 seu
869 2106 1107 2188 possessionem
1125 2107 1183 2172 Be·

1 2233 2 2274 3
61 2223 116 2270 neu
130 2215 293 2292 vocatam,
304 2206 349 2272 ad
362 2205 509 2274 Castrum
520 2208 689 2291 Hungwur
698 2209 909 2294 pertinentem
925 2213 1005 2278 etin
1021 2213 1183 2281 (lumitate

1 2303 2 2352 ἶ
60 2309 96 2374 de
110 2311 206 2396 Hung
226 2313 432 2398 existentem,
449 2316 639 2382 conuocatis
665 2317 897 2385 commetaneis
924 2325 955 2386 at
980 2320 1097 2388 vicinis
1112 2324 1182 2388 vni·

1 2421 2 2466 ἲ
60 2419 158 2486 uersis
175 2420 293 2486 Comiti
309 2421 433 2488 Jacobo
444 2421 511 2488 tilio
529 2419 663 2488 Comitis
681 2423 829 2511 Gregorij
848 2425 890 2493 de
905 2427 999 2493 Pank
1015 2435 1181 2514 statueret,

64 2526 91 2590 si
100 2545 162 2593 non
171 2529 265 2594 fieret
275 2530 517 2614 contradictum,
529 2530 783 2597 contradictores
794 2551 869 2598 vero
880 2531 908 2598 si
926 2532 982 2616 qui
999 2535 1124 2622 tierent,
1136 2535 1179 2603 ad

1 2673 2 2677 =
59 2642 190 2718 vestrm
216 2639 416 2722 presenciam
437 2639 580 2722 legitime
612 2639 799 2705 citarentur.
832 2631 904 2706 Nos¹
930 2640 1038 2724 itaque
1064 2641 1178 2710 vestris

59 2746 217 2828 preceptis
249 2743 435 2810 obedientes
461 2751 654 2827 reuerenter‚
682 2753 716 2812 ut
742 2753 895 2828 tenemur,
917 2748 1062 2814 misimus
1079 2769 1177 2816 vnum

1 2881 2 2910 1
60 2867 95 2912 ex
110 2849 201 2917 nobis
218 2869 290 2916 cunr
323 2852 467 2936 predicto
493 2851 660 2919 Felicianu
686 2852 813 2918 homine
831 2861 935 2920 vestro
960 2853 1004 2919 ad
1021 2856 1179 2939 premissa

1 2968 2 3012 1
58 2957 205 3024 mandata
231 2965 341 3024 vestra
367 2959 594 3042 exsequenda,
627 2960 683 3043 qui
709 2959 838 3026 domurn
870 2959 913 3028 ad
944 2981 1002 3028 nos
1028 2981 1178 3030 reuersus

59 3085 122 3131 curn
139 3065 254 3134 eodem
286 3068 456 3152 recitauit,
474 3069 559 3151 quod
588 3067 752 3152 predictus
777 3067 873 3136 homo
889 3075 995 3135 vester
1011 3069 1080 3156 ipso
1106 3091 1175 3155 pre

58 3179 147 3256 sente,
161 3176 352 3242 conuocatis
376 3175 523 3264 omnibus
555 3174 784 3243 commetaneis
815 3183 847 3241 et
863 3175 978 3242 vicinis
992 3176 1172 3260 predictam

59 3283 287 3362 possessionem
313 3284 437 3367 Beneu,
470 3302 526 3348 seu
558 3288 677 3348 terram
704 3281 738 3346 in
768 3281 914 3366 predicto
940 3282 1102 3352 comitatu
1134 3285 1176 3350 de

58 3387 123 3473 llng
137 3390 342 3479 existentem,
360 3409 417 3476 per
440 3399 566 3458 ueteres
591 3398 696 3459 metas
727 3391 1005 3477 reambulussent,
1038 3400 1070 3458 et
1085 3393 1174 3460 nullo

57 3499 285 3567 contradictore
310 3499 471 3566 existente
497 3498 614 3566 comiti
629 3500 650 3565 J
654 3501 755 3566 acobo
780 3499 846 3565 filio
863 3499 999 3583 Gregori
1018 3499 1059 3566 de
1076 3501 1172 3568 Pank

59 3607 262 3687 prenominati
279 3607 472 3674 statuissent
495 3612 650 3692 perpetuo
668 3603 910 3692 possidendam.
926 3607 1031 3674 Metee
1047 3627 1122 3676 vero
1140 3615 1172 3674 et

58 3715 183 3801 tormini,
209 3716 326 3798 quibus
353 3714 466 3781 eadem
483 3714 647 3798 possessio
673 3735 731 3781 seu
755 3721 843 3781 terra
867 3717 981 3782 Bezew
998 3724 1113 3783 vocata
1129 3717 1172 3782 ab

57 3819 122 3902 alijs
135 3823 228 3888 terris
253 3823 556 3890 circumiacentibus
589 3820 776 3905 distingitur
792 3827 824 3888 et
840 3829 1022 3907 separatur,
1039 3822 1100 3888 hoc
1117 3845 1171 3890 or·

1 3918 2 3990 Ῐ
58 3921 124 3994 dine
138 3929 316 4013 procedunt
331 3936 363 3995 ot
383 3929 620 4013 distinguntur:
651 3925 736 4013 quod
761 3928 866 4014 prima
890 3935 978 3994 meta
1004 3929 1169 4014 incipitis

1 4019 2 4042 ³
59 4034 186 4114 quodam
204 4037 284 4121 loco,
301 4039 355 4104 vbi
372 4037 503 4120 quidam
513 4037 631 4104 iluuius
642 4035 793 4120 Chaprad
808 4043 942 4102 vocatus
959 4035 1046 4101 cadit
1060 4036 1094 4101 in
1110 4036 1168 4102 flu-

1 4195 2 4226 ξ
58 4139 134 4208 uiam
149 4144 275 4211 Zethna
298 4145 516 4229 nominatum3
542 4153 574 4210 et
599 4142 675 4210 inde
700 4144 734 4208 in
761 4143 873 4209 codem
899 4143 997 4208 fluuio
1015 4141 1166 4226 Chaprad

1 4298 3 4345 ,
57 4249 178 4318 ulterius
195 4251 353 4318 currendo
370 4254 472 4319 tendit
496 4231 643 4340 superius
659 4272 772 4320 versus
797 4253 965 4336 orientem,
984 4257 1016 4315 et
1031 4248 1167 4316 ulterius

1 4403 2 4429 l
58 4359 246 4438 procedendo
271 4360 352 4427 satis
376 4359 410 4424 in
436 4361 519 4429 bono
544 4359 655 4446 spacio
681 4359 717 4427 in
733 4359 846 4426 eodem
877 4359 945 4424 exit
976 4357 1118 4442 abipso,
1136 4363 1168 4423 et

1 4517 2 4526 ,
57 4463 176 4534 ulterius
208 4469 308 4533 currit
337 4467 381 4533 ad
397 4475 522 4553 partem
547 4467 791 4535 meridionalem
808 4465 849 4532 de
881 4464 1004 4548 eodem,
1020 4463 1075 4529 vbi
1091 4471 1166 4530 sunt

1 4579 2 4612 ³
59 4567 347 4659 transcurres,
365 4582 398 4640 et
414 4573 532 4642 abhinc
543 4575 680 4642 ulterius
691 4571 903 4641 discurrendo
919 4570 1024 4653 magis
1041 4568 1084 4636 ad
1099 4571 1166 4656 pla·
1194 4599 1198 4607 ·

58 4694 121 4758 gan
136 4676 386 4766 meridionalem,
398 4681 543 4747 extendit
561 4701 596 4749 se
613 4681 656 4748 ad
671 4701 767 4749 unum
778 4680 955 4766 planiciem
972 4679 1093 4765 liphetlr
1110 4698 1164 4746 vo·

97 4813 191 4854 sorus.
208 4815 291 4854 nuso.
308 4815 379 4856 uren.
397 4827 440 4842 --
456 4816 527 4854 nrrn.
545 4810 582 4854 18.
861 4881 873 4888 .
983 4784 1003 4848 6
