3180 5202
2 19 462 214 ι-·

558 407 717 508 ,m-

48 606 310 690 posseusiouem
326 605 477 688 Tulman,
495 609 528 669 et
544 602 645 668 aliam
671 602 908 688 possessionem
933 601 1079 668 eiusdem
1104 601 1201 668 Marlr

51 711 186 777 Lanka
201 721 364 796 uocatam,
380 712 513 777 racione
529 710 607 776 sacti
634 709 826 796 principalis
853 717 886 777 et
906 710 1105 794 judiciorum
1133 727 1204 794 pre·

50 814 240 903 dictorum,
258 813 399 884 secundo
416 823 448 882 et
465 815 566 883 tercio
581 815 687 882 fuerat
703 815 921 899 introductum
939 817 1023 883 sicut
1039 817 1202 900 premissa

53 925 178 990 omnia
194 931 227 991 et
243 925 374 1010 singula
390 923 620 1010 premissorum
637 925 671 990 in
688 923 805 990 litteris
826 923 1040 1008 judicialibus
1070 923 1204 1009 Capitu-

49 1026 173 1096 lorum
188 1029 546 1116 Quiuqueecclesiensis
562 1037 595 1097 et
612 1029 799 1114 Bonnensis,
817 1051 856 1096 ac
872 1028 1060 1097 Oonuentus
1089 1031 1205 1096 Wara-

49 1134 192 1204 diensis
207 1137 349 1206 vidimus
365 1135 494 1223 plenius
509 1137 683 1205 contineri.
701 1137 856 1205 Exhibuit
872 1137 977 1204 eciam
993 1137 1081 1204 idem
1102 1139 1202 1222 Magi-

51 1249 129 1310 ster
147 1243 320 1313 Johannes
336 1245 494 1329 quasdam
511 1246 636 1313 litteras
661 1253 809 1330 nostras3
839 1243 873 1310 in
901 1245 1018 1328 quibus
1044 1247 1212 1342 comperi-c

55 1371 150 1435 mus,
168 1352 258 1434 qnod
274 1351 417 1420 Thomas
434 1351 518 1419 filius
535 1353 650 1420 Gosme
666 1373 724 1438 pro
741 1351 863 1419 Comite
888 1353 1044 1436 Rozhoyd
1072 1351 1202 1418 domino

51 1477 122 1525 suo
141 1458 345 1526 exhibuisset
360 1459 528 1526 citatorias
545 1461 670 1526 litteras
689 1459 831 1544 Capituli
847 1459 959 1526 Sancti
976 1459 1066 1525 Petri
1083 1459 1124 1526 dc
1140 1461 1203 1526 Po·

55 1585 149 1650 soga
168 1567 372 1634 continentes
388 1567 476 1634 huuc
492 1576 657 1634 tenorem:

178 1674 361 1742 Excellenti
377 1675 507 1742 domiue
523 1695 582 1742 sue
598 1676 657 1741 uh.
676 1676 773 1743 metri
789 1675 919 1742 Andree
935 1674 977 1739 D.
995 1695 1041 1759 gr.
1058 1667 1201 1742 Illustris

63 1781 174 1864 Regis
191 1781 361 1866 Hungarie
377 1783 439 1850 stb.
457 1782 671 1864 (hovetkczilr
687 1803 708 1849 a
723 1782 881 1868 pozsegai
907 1781 1136 1869 lraptalannsk
1153 1783 1202 1866 jc-

64 1891 200 1957 lentese
214 1891 295 1957 mint
311 1890 410 1958 altbb
427 1893 503 1960 263.
521 1912 566 1957 su.
584 1892 628 1974 a.)
716 1883 719 1890 ’

179 1998 222 2062 Et
238 1997 315 2081 quia
331 1999 364 2063 in
380 1999 538 2084 predictis
554 1999 669 2064 litteris
686 1997 802 2066 citacio
819 1998 939 2064 illicita
955 2005 987 2064 et
1006 1997 1203 2082 inlegittima

61 2106 316 2191 continebatur5
334 2126 372 2173 eo
388 2106 473 2188 quod
490 2108 598 2192 plures
614 2105 766 2172 homines
792 2106 884 2172 citari
909 2107 1039 2191 lecerat,
1067 2125 1201 2190 quorum

62 2215 202 2280 nomina
215 2213 335 2281 litteris
353 2215 525 2283 citacionis
542 2213 670 2281 domine
686 2215 826 2282 Ducisse
852 2237 916 2281 non
943 2223 1037 2281 erant
1061 2215 1197 2296 inserta,

64 2327 98 2383 ct
113 2321 275 2387 terminus
290 2320 455 2389 indebitus
472 2329 505 2388 et
521 2327 633 2388 contra
647 2321 751 2403 Regni
767 2321 1035 2389 consuetudinem
1052 2327 1123 2387 erat
1148 2341 1199 2387 as-

67 2427 239 2508 signatus:
256 2424 395 2492 eundem
411 2423 569 2492 Comitem
585 2426 740 2511 Rouboyd
758 2426 792 2491 in
810 2427 896 2493 facto
913 2425 1001 2493 dicte
1028 2425 1144 2492 illicite
1161 2426 1203 2493 ci-

3 2539 4 2544 ’
66 2532 207 2599 racionis
234 2539 267 2598 ct
292 2551 350 2598 sex
369 2531 579 2619 Judiciorum,
606 2534 639 2598 iu
666 2535 783 2616 quibus
805 2533 940 2620 judicijs
969 2533 1053 2600 idem
1086 2534 1201 2598 Comes

67 2641 225 2723 llozhoyd
254 2647 369 2706 contra
393 2641 584 2724 Magistrum
610 2641 793 2708 Johannem
819 2648 868 2707 cst
894 2641 1072 2726 conuictus,
1100 2639 1204 2706 etad

67 2749 180 2830 plures
197 2747 354 2813 terminos
369 2748 411 2812 ad
429 2745 667 2814 emendandum
684 2769 719 2813 se
734 2749 768 2813 in
785 2749 846 2814 hoo
862 2750 949 2814 facto
976 2747 1131 2830 legittime
1159 2746 1201 2812 ad

6 2869 8 2896 1
68 2855 205 2938 Regiam
222 2855 431 2922 Presenciam
457 2854 591 2920 lecimus
618 2858 765 2943 euocarl;
794 2855 848 2938 qui
873 2855 973 2920 semel
999 2860 1032 2919 et
1057 2853 1201 2919 secundo

69 2965 168 3029 ucrho
185 2964 289 3045 Regio
307 2961 436 3042 citatus,
455 2969 487 3028 ct
504 2985 561 3050 per
586 2963 844 3030 introduooiones
870 2963 904 3026 iu
931 2960 1104 3046 porciones
1129 2980 1200 3044 pos-

69 3071 252 3136 scssionum
268 3089 399 3135 suarum
427 3069 566 3135 'Fulmen
592 3077 624 3135 et
649 3069 766 3136 Lanka
791 3077 978 3136 uocatarum
1005 3067 1201 3152 compulsus,

69 3178 334 3260 proclamacionc
353 3177 456 3242 ceiam
472 3177 601 3260 puhlicc
618 3176 706 3241 facta
722 3175 765 3241 ad
780 3175 981 3259 presenciam
999 3173 1120 3240 domini
1139 3175 1200 3239 Re-

70 3284 119 3364 gis
135 3303 193 3350 seu
209 3291 355 3348 nostram
373 3290 527 3368 tanquam
544 3282 742 3367 Vicejudicis
760 3281 858 3347 (lurie
874 3303 941 3366 sue,
960 3287 992 3346 et
1017 3281 1120 3347 eciam
1147 3300 1198 3346 su·

70 3410 126 3474 per
141 3388 230 3456 secto
248 3391 433 3476 principali,
452 3391 597 3475 dampno
615 3390 770 3456 videlieet
786 3390 924 3472 triginta
941 3405 1124 3456 marcarum
1134 3387 1200 3472 ipsi

71 3497 229 3581 Magistro
245 3495 388 3564 Johanni
417 3501 449 3563 in
475 3497 645 3564 ablacione
672 3516 826 3581 equorum
858 3503 891 3562 et
921 3497 1060 3563 aliarum
1092 3517 1201 3566 rerum

71 3601 204 3671 suarum
230 3607 382 3690 irrogato,
411 3607 522 3672 venire
548 3608 781 3673 contumaciter
806 3627 871 3673 non
898 3606 1034 3673 curauit.
1062 3607 1202 3674 Etcum

70 3733 168 3799 super
194 3716 351 3800 premisso
379 3716 463 3781 facto
486 3717 571 3800 juris
597 3717 709 3783 ordine
735 3715 951 3783 decicsionem
980 3714 1066 3804 (lgy)
1092 3713 1202 3784 facore

70 3823 298 3909 voluissemus,
315 3823 480 3908 predictus
498 3823 615 3890 Comes
632 3825 786 3911 Rozhoyd
810 3825 943 3892 veniens
971 3825 1197 3910 personaliter,

71 3930 174 3996 soluit
189 3926 281 4016 scire,
300 3931 352 3996 ubi
370 3931 440 4015 ipse
457 3932 576 3996 citatus
594 3932 702 4017 suerit,
720 3939 753 3996 et
769 3933 871 3999 eciam
888 3931 1129 4015 proclametus3
1157 3931 1203 3994 di-

17 4079 19 4104 2
73 4055 158 4120 cens,
176 4037 264 4118 quod
281 4036 396 4105 eadem
414 4037 577 4121 possessio
593 4037 732 4102 'Pulman
749 4057 769 4102 a
784 4037 930 4122 pluribus
946 4035 1041 4100 annis
1067 4055 1126 4118 per
1152 4035 1200 4101 la·

72 4149 155 4208 otum
171 4143 322 4226 Magistri
338 4145 500 4211 Johannis
518 4151 603 4211 essct
620 4143 780 4228 desolata,
806 4147 838 4207 et
863 4141 949 4225 quod
977 4141 1018 4206 de
1043 4142 1203 4208 citaoioue

73 4261 102 4314 ct
125 4249 387 4336 proclamacione
414 4251 476 4318 sibi
502 4271 566 4318 non
594 4257 773 4328 constaret3
803 4249 960 4317 exhibens
986 4247 1069 4316 iuter
1094 4254 1203 4316 cetera

72 4359 155 4423 Mem
172 4357 328 4443 Magister
343 4358 510 4426 Johannes
527 4361 561 4424 in
577 4359 713 4425 instanti
730 4360 853 4425 litteras
871 4355 1011 4442 Capituli
1041 4355 1204 4440 Quinque·

26 4453 27 4456 “
74 4464 279 4532 coclcsiensls
296 4465 425 4532 domino
440 4467 523 4551 Regi
539 4467 761 4552 transmissas,
778 4467 812 4532 iu
829 4464 945 4550 quibus
971 4481 1031 4548 per
1055 4483 1114 4531 nos
1141 4463 1202 4529 fuit

74 4579 282 4660 compertum5
301 4573 387 4657 quod
404 4576 572 4643 lohannes
583 4575 668 4640 filius
679 4574 840 4642 Bemalch
851 4573 892 4638 de
903 4590 1020 4656 genere
1030 4573 1203 4659 Durusma‚

73 4681 126 4766 qui
143 4681 215 4748 uice
233 4683 387 4768 Magistri
405 4683 564 4770 Stephani
582 4683 623 4750 de
649 4681 757 4750 (larsa
783 4682 823 4748 (le
851 4679 964 4748 cadem
989 4677 1204 4763 generacione
