3124 5194
865 305 1025 405 Q

377 503 490 570 taliter
507 507 541 570 et
554 500 711 585 libenter,
729 505 940 585 gramnterct
956 498 1095 568 iocunde
1103 501 1138 566 in
1154 506 1362 585 perpetuum
1378 496 1507 566 Ineniur

380 611 429 678 rei
459 609 648 676 memoriam
673 613 842 694 presentes
867 606 993 674 litteras
1019 614 1129 675 nostro
1152 606 1266 692 sigillo
1295 605 1506 673 concessimus

376 718 557 785 roboratas.
589 715 705 782 Actum
735 735 823 783 anno
840 715 972 782 Domini
1004 714 1179 782 millesimo
1211 711 1286 780 00⁰
1303 711 1506 797 nonagesimo
1541 792 1542 804 χ

374 831 470 892 sexto
494 843 607 892 mense
637 821 777 900 Marci03
804 821 972 909 Stephano
1004 820 1167 910 Camere,
1194 822 1340 889 Micelae
1366 818 1507 906 Custode,
1540 855 1542 901 2

375 933 480 1000 altero
496 931 631 998 Nicolao
647 931 790 1016 Becare,
808 929 994 1013 ceterisque
1018 949 1119 1013 quam
1143 929 1298 1015 pluribus
1314 926 1438 994 ibidem
1452 927 1508 993 eri·

377 1037 545 1106 alentibus.
561 1039 681 1104 Datum
697 1057 757 1124 per
780 1056 895 1104 manns
910 1036 1061 1123 Magistri
1078 1037 1166 1105 Galli
1182 1033 1338 1104 Lectoris
1356 1031 1507 1118 Quinque

374 1144 596 1214 ecelesiensis.

373 1323 512 1390 (Eredetie
525 1318 704 1390 bllrblrtyln.
720 1319 833 1389 astrga
855 1321 1087 1389 selyemssinbron
1111 1323 1222 1389 fflggbtt
1241 1319 1344 1389 pecaet
1368 1321 1508 1379 οἰνωθεὶς

680 1412 794 1464 abnuat
809 1413 861 1464 lrir.
875 1412 999 1467 kamarsi
1012 1409 1205 1476 leubltlrban.)

841 1663 970 1672 m--
983 1663 1015 1670 -.-
1022 1663 1028 1669 .
1035 1663 1049 1669 .-

903 2196 983 2264 155.

373 2379 407 2447 Α
427 2381 519 2468 pecti
533 2381 757 2468 tepeataonot
772 2377 1053 2464 bizooysclgleoele‚
1077 2375 1161 2462 lopy
1177 2377 1293 2444 Kleros
1311 2394 1411 2440 eomes
1424 2371 1499 2440 med·

365 2491 447 2576 jai,
464 2490 559 2574 Zetps
588 2487 695 2554 terret
715 2509 811 2574 peres
844 2485 989 2550 birtolra
1019 2485 1129 2567 oecos,
1155 2481 1396 2571 borotaeipoaou
1409 2499 1498 2567 eppea

830 2591 944 2658 kedtelc.
963 2590 1061 2656 1296.

484 2752 641 2822 Nicolens
658 2751 850 2839 Propositus
876 2757 910 2819 et
935 2749 1121 2836 Capitulum
1150 2741 1494 2834 Quiuqneeeclesieusis

377 2861 524 2930 Ecclesia
555 2859 705 2928 omnibus
735 2879 872 2946 presens
903 2859 1061 2944 scriptum
1092 2856 1305 2924 cernentibus
1322 2850 1495 2922 salutemin

375 2971 527 3038 Domino.
543 2969 597 3036 se
612 2969 836 3037 uniuersorum
857 2966 1013 3034 noticiam
1028 2963 1179 3034 nolumus
1210 2965 1399 3052 peruenire;
1422 2957 1492 3045 quod

374 3077 504 3145 nobiles
519 3077 652 3144 iuuenes
677 3073 794 3143 fratres
809 3075 997 3162 patrueles,
1022 3070 1178 3140 videlicet
1201 3071 1353 3156 Magistri
1371 3070 1493 3136 Lauren

376 3185 448 3252 cius
463 3190 497 3251 et
511 3183 674 3270 Phylipus
683 3233 693 3267 ,
726 3201 765 3248 ee
781 3179 960 3247 Ledizlaus
993 3180 1078 3247 lilius
1094 3178 1242 3264 Magistri
1270 3178 1428 3264 Phylipus
1442 3169 1489 3254 filij

376 3289 514 3358 Comitis
531 3288 629 3373 Olety
644 3290 687 3356 eb
703 3307 769 3356 una
785 3295 888 3373 parte,
900 3286 1066 3370 Magister
1076 3285 1255 3374 Jobanues,
1271 3289 1425 3375 Phylpus,
1440 3281 1492 3346 De·

377 3397 521 3482 metrius,
537 3394 713 3463 Lodizlaus
730 3397 791 3482 filij
808 3393 943 3462 Comitis
972 3394 1122 3461 Ludinlai
1138 3395 1195 3478 filij
1213 3394 1360 3462 eiusdem
1376 3387 1489 3458 comib

377 3502 473 3590 Glety
488 3503 531 3571 eb
548 3503 672 3588 altere,
703 3502 918 3588 personaliter
941 3505 974 3570 in
1006 3501 1110 3570 nostri
1136 3505 1308 3590 presencia
1332 3491 1487 3576 constituti,

377 3613 599 3696 proponentes
631 3615 708 3676 sunt
733 3609 877 3676 confessi
904 3610 1035 3676 oraculo
1052 3609 1236 3688 viueuocis;
1253 3609 1340 3694 quod
1356 3626 1422 3676 cum
1435 3601 1486 3688 ipsi

377 3733 477 3799 super
492 3714 588 3783 terris
605 3723 638 3783 et
662 3715 922 3802 possessionibus
949 3737 1061 3784 eorum
1077 3715 1117 3782 de
1132 3718 1277 3803 Zelyryo
1294 3718 1328 3784 in
1347 3712 1485 3782 Comitatu

374 3820 556 3889 'l'helnensi
571 3821 701 3890 situatis
718 3829 750 3890 et
765 3823 1000 3911 existentibus,
1026 3826 1174 3893 terminis
1201 3828 1274 3893 siue
1301 3826 1393 3892 metis
1408 3821 1485 3885 inter·

378 3927 494 4014 positis
511 3929 683 3996 limitando
702 3937 734 3994 et
749 3931 792 3996 ab
808 3931 950 3998 inuicem
966 3932 1161 4020 separando,
1172 3941 1272 4018 prout
1286 3933 1321 3999 in
1336 3923 1483 4019 priuilegi⁰
1540 3895 1544 4010 l

377 4041 489 4102 nostro
515 4036 632 4104 exinde
667 4036 814 4106 confecto
846 4038 1007 4122 nobisque
1035 4039 1178 4108 exhibito
1210 4041 1341 4126 plenius
1366 4035 1484 4105 niumm
1542 4011 1544 4076 l

377 4144 554 4230 contineri;
582 4144 661 4212 item
692 4165 791 4231 super
821 4147 1083 4231 possessionibus
1109 4168 1220 4216 eorum
1254 4151 1345 4218 ultra
1371 4139 1480 4214 fluuium

377 4249 498 4318 Draure
513 4250 644 4318 situatis
676 4257 709 4319 et
724 4253 938 4322 existentibus
963 4255 1112 4324 similiter
1135 4257 1286 4326 terminis
1317 4259 1385 4328 siue
1405 4247 1481 4318 metis
1542 4316 1543 4319 ,

377 4355 578 4446 interpositis
592 4356 760 4426 limitando
778 4367 811 4426 et
826 4361 867 4427 ab
887 4361 1026 4430 inuicem
1036 4364 1231 4453 separando,
1243 4372 1341 4451 prout
1355 4364 1385 4431 in
1399 4358 1479 4426 altero

377 4461 551 4549 priuilegio
583 4471 692 4536 nostro
708 4465 828 4534 exinde
843 4468 990 4538 confecto
1024 4471 1185 4557 uobisque
1216 4473 1362 4542 exhibito
1375 4462 1478 4559 plenius

377 4567 519 4638 uidimus
534 4570 705 4661 contineri,
722 4573 918 4644 diuisionem
932 4577 1018 4645 inter
1037 4597 1073 4646 se
1088 4577 1243 4650 iecissent
1263 4589 1298 4648 et
1313 4571 1478 4650 labescat
