3124 5194
609 327 766 426 ga

117 525 151 589 et
182 506 341 608 Hydwyg
367 529 563 607 necatarum,
587 529 683 607 prout
698 521 793 589 bomo
810 531 920 590 noster
936 525 1080 594 lacobus
1099 512 1254 601 sacerdes

21 709 25 717 ι
113 629 267 695 Ecclesie
284 629 325 694 de
341 627 589 695 villuPoruzlou
605 628 649 694 ad
665 628 860 714 peticionem
877 636 1087 718 utrarumque
1104 637 1253 720 parcium

114 756 218 822 supra
238 735 357 803 faciem
374 735 478 820 ipsius
501 735 720 822 possessionis
746 735 959 803 transmissus
985 760 1043 826 per
1068 762 1146 828 nos,
1164 745 1253 810 etad

8 900 10 903 .
114 863 175 910 nos
193 863 369 932 reuersus,
393 844 607 929 partibusque
638 843 843 930 presentibus
860 843 952 912 nobis
969 843 1070 934 dixit,
1092 849 1165 916 talis
1183 858 1253 919 est:

114 951 315 1038 incipiendo
331 949 454 1018 scilieet
468 952 502 1016 in
517 950 620 1017 tribus
637 952 732 1020 metis
749 950 864 1018 terreis
874 951 967 1018 iuxta
982 972 1102 1037 aquam
1119 958 1254 1025 Malalm

114 1057 243 1126 dictam
261 1059 393 1144 crectis,
418 1079 554 1142 quanam
582 1079 647 1125 una
672 1065 805 1143 separat
821 1059 977 1145 Mykaely
1003 1060 1070 1129 filio
1090 1063 1253 1151 Symonis,

114 1168 225 1232 altera
240 1167 375 1251 Matbye
390 1165 457 1232 filio
475 1165 593 1252 Endre,
608 1166 771 1234 nobilibus
797 1166 839 1232 de
855 1185 976 1250 genere
992 1169 1123 1258 Zabou,
1149 1174 1252 1240 tercia

115 1273 236 1341 Comiti
247 1274 374 1342 Thome
390 1273 556 1360 sepedicto
574 1274 609 1338 in
626 1274 910 1341 commelaneitate
927 1281 1083 1343 terrarum
1107 1279 1251 1349 eiusdem

9 1410 14 1420 ·
114 1381 254 1469 Matbye
269 1382 323 1448 uel
338 1381 476 1448 filiorum
492 1401 643 1467 suarm,
660 1379 764 1448 tendit
779 1381 822 1448 ad
848 1389 974 1468 partem
1000 1383 1251 1454 meridionalem

115 1489 159 1555 ad
177 1489 264 1556 duas
280 1497 385 1555 melas
403 1495 549 1575 terreas,
566 1488 599 1554 in
617 1509 753 1573 quarum
780 1509 846 1554 una
872 1499 922 1556 est
939 1491 1038 1558 arbor
1055 1492 1150 1560 ilieea
1167 1493 1254 1562 ferro

118 1599 320 1682 consignata
349 1596 421 1663 vioe
436 1603 540 1680 mete,
559 1595 635 1662 inde
646 1596 832 1682 proceditur
841 1597 884 1664 ad
901 1599 983 1665 duras
999 1609 1103 1668 metas
1119 1609 1254 1692 terreas,

117 1705 150 1770 in
168 1707 292 1789 quibus
308 1711 383 1770 sunt
400 1705 532 1770 arbores
552 1703 636 1770 ilicis
654 1711 752 1786 atque
769 1704 876 1789 pomi;
894 1706 1015 1770 abinde
1031 1704 1074 1772 ad
1091 1707 1173 1775 duas
1191 1730 1254 1776 me·

117 1819 169 1879 tas
186 1819 325 1898 terreas,
353 1811 387 1876 in
404 1829 540 1894 quarum
568 1831 631 1878 una
657 1819 734 1878 sunt
750 1813 902 1895 arbores3
928 1811 1047 1878 exinde
1064 1813 1195 1880 uaditur
1211 1817 1255 1883 ad

117 1917 200 1986 duas
219 1927 324 1986 metas
340 1925 484 2002 terrcas3
517 1917 636 1984 deinde
663 1919 766 1984 eciam
785 1919 829 1984 ad
846 1917 928 1985 duas
945 1927 1050 1986 metus
1067 1929 1203 2008 terreas,
1220 1925 1254 1989 in
1321 2001 1326 2011 ι

0 2096 2 2117 Ρ
118 2045 257 2110 quarum
275 2045 341 2092 una
366 2031 416 2091 est
441 2026 537 2091 arbor
555 2025 697 2110 populea
708 2049 716 2110 ;
743 2024 861 2091 abhinc
880 2026 973 2093 uadis
989 2025 1033 2090 ad
1050 2027 1131 2096 duas
1147 2037 1253 2096 metas

8 2181 9 2184 ,
117 2137 267 2214 terreas,
286 2133 404 2198 exhinc
421 2132 525 2198 eciam
541 2132 585 2196 ad
601 2132 682 2198 duas
707 2145 812 2198 motas
830 2139 952 2199 terreas
962 2183 972 2218 ,
990 2134 1024 2198 in
1049 2155 1186 2217 quarum
1206 2139 1254 2202 al-

24 2323 28 2330 ,
117 2245 188 2306 tera
205 2245 285 2306 sunt
301 2240 444 2326 arbores,
461 2237 515 2304 ubi
541 2239 806 2306 commetaneitas
824 2247 980 2304 terrarum
997 2241 1129 2326 blatbye
1146 2243 1254 2309 termi-

117 2353 228 2431 natur,
247 2353 279 2414 et
295 2344 529 2430 incipittenere
540 2347 854 2412 commetaneitatem
871 2368 940 2412 oum
955 2353 1058 2432 terrys
1075 2349 1162 2414 Petri
1172 2349 1256 2414 Beni

118 2453 259 2542 Ozyagh
276 2454 422 2530 uocatis3
448 2453 524 2520 inde
541 2452 584 2519 ad
600 2455 682 2520 duas
713 2463 817 2520 metas
834 2462 958 2521 terreas
975 2457 1173 2541 angulares,
1199 2457 1255 2523 ubi

119 2570 195 2630 sunt
212 2582 272 2628 sex
290 2561 424 2628 arbores
440 2561 712 2647 uirgultinorum,
742 2583 843 2645 quare
860 2565 888 2628 is
905 2565 956 2627 uel
975 2566 1035 2628 istc
1055 2564 1144 2629 locus
1160 2583 1256 2631 uoca-

119 2676 171 2736 tur
187 2669 404 2749 Hotharasth‚
422 2669 477 2734 ubi
505 2669 638 2735 diuertit
655 2670 696 2735 ad
722 2676 846 2755 partem
864 2671 1097 2736 occidentalem
1114 2669 1157 2735 ad
1173 2671 1258 2740 duas

120 2787 228 2846 metas
246 2784 372 2844 terreas
383 2784 507 2844 erectas
519 2779 611 2843 iuxta
628 2789 746 2864 aquam
758 2778 939 2864 Welobyza
956 2765 1114 2862 siccatam,
1133 2781 1164 2844 in
1176 2800 1255 2862 qua-

121 2906 190 2952 rum
208 2887 315 2952 altera
332 2891 381 2952 est
398 2887 494 2953 arbor
519 2887 602 2970 piri;
631 2889 665 2952 in
681 2886 787 2950 medio
805 2885 901 2951 buius
924 2905 1008 2968 aque
1024 2905 1084 2970 per
1100 2905 1254 2970 magnum

121 2994 270 3078 spacium
288 2992 395 3058 eundo
411 3013 485 3058 cunr
501 2995 616 3060 eodem
641 2993 738 3058 fluuio
756 2992 909 3057 defluenti
926 2992 958 3055 in
975 2991 1109 3058 fluuium
1125 2995 1256 3058 Karasu

122 3097 250 3164 caditur
266 3097 300 3164 in
317 3099 454 3164 eundem
471 3099 616 3185 fluuium,
634 3099 689 3165 ubi
705 3098 973 3164 commetaneitas
990 3103 1149 3163 terrarum
1165 3097 1254 3164 Petri

121 3205 204 3271 Rani
220 3207 427 3290 liliorumque
444 3228 573 3273 suorum
589 3207 799 3284 terminatum
817 3214 849 3272 et
860 3205 974 3298 incipit
991 3213 1104 3272 tenere
1120 3225 1256 3274 comme-

121 3315 313 3382 taneitalem
330 3323 403 3381 cuni
421 3319 526 3399 terrys
543 3299 711 3380 Benedicti
743 3313 801 3399 filij
821 3312 957 3379 Comitis
975 3311 1105 3378 Nicolai
1121 3317 1251 3398 sepedi-

123 3421 163 3486 cti
181 3421 222 3488 de
248 3421 378 3506 Saagb3
410 3422 521 3508 itaque
553 3444 611 3509 per
636 3421 777 3489 medium
802 3421 898 3488 huius
923 3419 1012 3505 fluuij
1040 3422 1179 3506 Karasu,
1196 3442 1256 3508 per

123 3550 315 3614 cursumque
341 3531 488 3598 eiusdem
516 3532 549 3596 in
568 3534 709 3597 maximo
740 3531 853 3615 spacio
885 3529 1036 3596 uadendo
1068 3529 1196 3596 uenitur
1214 3529 1256 3594 ael

124 3637 343 3728 supradictam
360 3660 479 3723 aquam
495 3640 631 3707 Maluka
647 3638 787 3726 dictam,
821 3661 878 3726 per
895 3659 992 3722 quam
1009 3639 1138 3724 quidem
1156 3639 1256 3704 Mala·
1328 3721 1329 3726 ἵ

124 3745 200 3812 kam
219 3749 326 3814 eundo
344 3749 469 3814 ueniter
486 3747 529 3814 ad
545 3749 672 3834 priores
689 3755 754 3813 tres
771 3755 874 3815 metas
901 3747 1099 3832 principales
1126 3746 1179 3812 uel
1195 3767 1249 3811 ca-

53 3851 55 3855 ’
122 3855 252 3942 pitales,
268 3855 379 3939 ibique
395 3856 598 3922 terminatur.
626 3856 694 3922 Hoc
712 3876 773 3920 non
796 3855 1023 3939 pretermisso,
1042 3854 1128 3937 qoud
1144 3873 1255 3918 omnes

124 3965 286 4048 prenotati
303 3964 561 4048 conterminales,
580 3965 795 4030 commetanei
807 3969 838 4026 et
855 3963 955 4028 nicini
966 3962 1079 4027 harum
1096 3970 1256 4025 terrarum

125 4070 360 4156 Goeredysoba
384 4077 418 4138 et
433 4069 609 4157 Hydwygb
642 4076 832 4135 notatarum
859 4089 967 4136 coram
999 4067 1128 4134 bomine
1145 4074 1256 4134 nostro

123 4177 269 4264 predicto
286 4177 471 4243 huiusmodi
488 4177 658 4244 collacioni
678 4183 710 4244 et
725 4175 897 4243 donaciani
916 4175 1020 4260 ipsius
1037 4175 1187 4256 Magistri
1198 4175 1255 4238 Be·
1331 4251 1335 4262 ,

123 4285 245 4352 nedieti
263 4283 323 4370 filij
341 4285 479 4353 Comitis
503 4283 634 4350 Nicolai
665 4284 706 4350 de
721 4283 832 4368 Saagh
849 4302 1017 4350 assensum
1033 4281 1207 4348 liberalem
1225 4289 1258 4348 et

124 4411 318 4460 consensum
343 4391 531 4458 beniuolum
568 4390 781 4458 attribuentes
808 4389 939 4476 publice
970 4387 1150 4475 dederunt,
1181 4407 1256 4453 eun-

124 4499 263 4583 demque
279 4498 435 4565 Comitem
453 4497 613 4566 Thonram
645 4503 678 4565 et
693 4496 829 4564 heredes
845 4514 920 4562 suos
936 4495 970 4560 in
997 4494 1260 4582 conterminales,

126 4605 160 4672 in
176 4614 418 4676 commelaneos
435 4613 469 4672 et
485 4605 611 4673 vicinus
637 4625 713 4672 suos
738 4601 955 4688 suscipientes
972 4609 1164 4688 receperunt
1179 4601 1261 4670 libe·
