3234 5194
880 308 1043 403 ΑΒ.

402 500 520 564 Ferrea
545 499 712 564 oraciones
730 499 761 562 iu
779 499 916 565 Domino
932 521 1002 566 eum
1022 503 1177 584 perpetue
1193 497 1360 564 fidelitatis
1372 497 1550 579 obsequio.

292 661 295 668 .
404 607 545 672 Litter‘ss
572 607 684 672 Vestre
711 607 914 673 Excellencie
940 606 1120 691 recepimus
1137 609 1332 690 reuerentes,
1361 605 1393 668 in
1428 605 1554 690 quibus

402 716 539 784 vidimus
571 717 747 782 contineri:
781 717 866 799 quod
899 737 956 781 ros
988 715 1152 799 quandam
1186 725 1306 782 terram
1340 714 1450 780 Chenz
1487 735 1544 778 vo-

403 831 507 890 catam
544 820 688 888 Reuoldo
730 829 759 886 et
790 822 878 888 Jaak
919 822 996 905 filijs
1027 819 1106 887 Ibed
1147 821 1399 905 contulissetis,
1444 841 1552 904 super

318 962 324 970 ·
401 953 464 1013 quo
496 929 725 1016 precipiebatis
756 929 867 1012 nobis,
911 935 945 993 ut
977 948 1073 994 unum
1115 948 1156 993 ex
1189 929 1283 993 nohis
1325 949 1396 995 cum
1429 926 1550 991 htilrou

401 1037 469 1103 tilio
499 1038 629 1120 Georgij
656 1037 784 1102 bomine
820 1045 925 1104 vestm
956 1037 1174 1116 mitteremus,
1209 1056 1319 1100 coram
1358 1057 1422 1118 quo
1456 1035 1550 1099 idem

403 1147 512 1210 Mikou
539 1149 633 1211 horno
660 1152 766 1210 vester
797 1145 1017 1211 reambularet
1042 1147 1149 1229 ipsam
1177 1155 1300 1210 terram
1334 1142 1550 1228 presentibus

397 1251 627 1328 commetaneis
650 1259 681 1314 et
697 1249 831 1336 vicinis,
858 1254 886 1317 si
912 1274 976 1318 uon
995 1253 1082 1316 ficret
1122 1251 1387 1336 contradictum,
1415 1258 1550 1315 contra·

401 1359 576 1424 dictoribus
592 1365 709 1440 autem,
726 1358 823 1438 siqui
849 1359 978 1441 fierent,
1004 1358 1047 1423 ad
1074 1367 1214 1423 vestram
1247 1357 1450 1442 presenciam
1470 1377 1552 1421 euo-

388 1463 492 1529 catis.
531 1463 649 1530 Verum
680 1483 753 1528 eum
785 1467 901 1530 restris
932 1469 1096 1551 preceptis
1128 1473 1160 1530 et
1192 1465 1371 1532 mandatis
1404 1463 1553 1531 fideliter

401 1571 433 1634 iu
450 1572 598 1636 omnibus
624 1570 756 1638 obedire
772 1569 957 1658 debeamus,
984 1592 1081 1638 vnum
1099 1595 1140 1638 er
1166 1572 1268 1638 nobis
1296 1571 1552 1637 transmisimus

400 1677 442 1743 ad
460 1679 628 1761 negocium
645 1679 886 1761 exequendum5
904 1682 959 1762 qui
977 1681 1106 1746 demum
1122 1679 1166 1746 ad
1180 1701 1239 1746 uos
1267 1678 1398 1745 rediens
1426 1679 1549 1744 retulit

400 1785 582 1868 requisitus,
599 1786 685 1868 quod
703 1787 881 1870 predictum
898 1796 1019 1853 terram
1038 1788 1145 1853 Cheuz
1164 1795 1314 1856 vocatam
1335 1787 1547 1854 reamhulas·

402 1901 452 1958 set
467 1894 668 1977 presentibus
686 1895 917 1960 commetaueis
934 1905 965 1961 et
980 1896 1115 1978 vicinis,
1134 1904 1165 1960 et
1193 1897 1270 1977 quia
1307 1895 1441 1983 (i)idem
1473 1915 1547 1958 non

403 1999 677 2083 contradicebant,
695 2007 877 2066 statuerunt
899 2001 1002 2086 ipsam
1014 2009 1134 2067 terram
1155 2000 1301 2066 Renoldo
1318 1999 1449 2065 erJaak
1464 1999 1552 2065 filiis

401 2107 883 2190 lbedmemoratis‚superqua
915 2107 976 2172 due
1008 2111 1202 2174 mansiones
1234 2110 1361 2173 luerent
1391 2107 1549 2176 incente.

402 2220 518 2282 Datum
536 2219 569 2279 in
585 2215 637 2280 die
653 2215 842 2279 Sanctorum
860 2213 975 2281 Cosme
991 2223 1022 2282 et
1039 2217 1200 2282 Damiani.

507 2323 574 2388 Nos
591 2322 699 2403 itaque
716 2320 928 2386 consideratis
943 2321 1154 2390 fidelitatibus
1170 2331 1202 2388 et
1219 2323 1432 2390 seruiciorum
1465 2343 1542 2390 me«-

399 2431 469 2496 ritis
485 2429 643 2494 dictorum
660 2425 795 2492 Renuldi
813 2435 843 2492 et
859 2429 954 2510 dash,
974 2431 1109 2513 primum
1127 2429 1283 2496 Ladiulao
1300 2431 1391 2515 Regi,
1423 2441 1458 2496 et
1490 2430 1550 2496 de-

398 2557 483 2603 mum
500 2535 593 2601 nobis
610 2535 642 2598 in
659 2533 925 2618 expedicionibus
942 2537 975 2599 in
993 2536 1133 2602 confinio
1160 2538 1266 2620 Regni
1293 2539 1394 2602 nostri
1428 2557 1546 2604 emer—

400 2642 551 2727 gentibus
569 2638 866 2706 monastherium
885 2640 1006 2706 Ducem
1024 2641 1164 2726 Austris,
1181 2643 1237 2725 qui
1254 2643 1391 2709 confinia
1422 2645 1546 2728 Regni

399 2750 496 2816 nostri
514 2745 717 2831 deuastabat,
735 2755 767 2810 ct
792 2746 994 2830 postmodum
1012 2749 1045 2814 in
1071 2750 1213 2814 exercitu
1234 2759 1343 2817 nostro
1370 2753 1548 2838 generali,

399 2875 493 2942 quem
510 2861 624 2920 contra
640 2850 776 2918 eundem
793 2855 914 2920 Ducem
931 2853 1059 2919 Austris
1076 2853 1289 2942 habebamus,
1316 2855 1480 2922 exhibitis
1513 2874 1548 2924 et

398 2965 564 3051 impensis,
580 2961 757 3048 predictam
777 2968 893 3025 terram
911 2961 1017 3026 Gheuu
1033 2982 1105 3027 cum
1121 2963 1269 3029 omnihus
1282 2963 1494 3032 utilitatibus
1517 2981 1552 3034 st

397 3069 604 3157 pertinenciis
636 3070 703 3135 suis
727 3067 886 3133 uniuersis
911 3087 967 3152 per
993 3067 1158 3133 dominum
1185 3069 1373 3135 Ladizlaum
1401 3073 1543 3158 Regem

397 3179 517 3244 eisdem
536 3176 686 3242 collatam
700 3175 919 3258 relinquimus,
938 3181 970 3237 et
986 3172 1026 3238 de
1042 3195 1125 3240 nouo
1152 3177 1300 3242 dedimus
1333 3184 1363 3241 et
1390 3183 1547 3248 contuli·

397 3306 466 3350 mus
483 3304 558 3370 sepe
574 3281 670 3348 dictis
686 3280 831 3346 Renoldo
847 3289 879 3346 et
895 3281 991 3363 Jsak,
1011 3301 1050 3345 ac
1067 3301 1126 3364 per
1137 3303 1192 3348 eos
1204 3283 1377 3348 heredibus
1405 3306 1542 3355 eorun-

395 3392 477 3476 dem,
494 3389 712 3471 heredumque
727 3407 856 3453 suorum
873 3389 1116 3471 posteritatibus
1127 3391 1204 3473 jure
1222 3397 1379 3474 perpetuo
1396 3401 1433 3457 et
1451 3395 1543 3463 irre·

395 3497 584 3563 siccabiliter
600 3495 828 3580 possidendam
845 3495 904 3562 sub
916 3494 1037 3562 eisdem
1049 3497 1141 3563 metis
1153 3505 1184 3562 et
1202 3499 1347 3564 terminis
1364 3501 1540 3590 antiquis,

398 3601 513 3686 quibus
529 3602 644 3667 eadem
659 3607 745 3666 terra
771 3600 883 3666 hahita
914 3600 1088 3669 dinoscitur
1119 3611 1151 3669 et
1166 3625 1329 3689 possessa.
1360 3609 1399 3672 In
1434 3612 1544 3679 cuius

396 3727 455 3793 rey
470 3709 658 3771 memoriam
689 3708 940 3788 perpetuamque
956 3709 1140 3774 firmitatem
1166 3719 1335 3795 presentes
1363 3717 1543 3782 concessi·

396 3833 466 3880 mus
482 3813 608 3877 litteras
624 3811 760 3895 duplicis
777 3810 878 3894 sigilli
894 3815 993 3880 nostri
1010 3817 1189 3881 munimine
1204 3819 1386 3886 roboratas.
1404 3821 1544 3889 Datum

395 3941 452 4006 per
469 3939 582 3986 manus
599 3917 728 3985 discreti
746 3917 806 3982 viri
822 3919 971 4001 Magistri
987 3922 1148 3988 Theodori
1175 3923 1329 3992 Albensis
1356 3928 1543 3996 Ecclesiae

394 4027 562 4112 Prepositi,
579 4029 653 4091 aule
669 4032 777 4091 nostre
796 4023 1081 4110 Vico-(lancellarij
1107 4029 1216 4096 dilecti
1228 4041 1261 4098 et
1276 4033 1389 4100 fidelis
1400 4041 1539 4122 nos'tri3

393 4156 480 4202 auno
497 4135 625 4200 Domini
643 4131 763 4198 Μ’(ῙΟ0
779 4136 988 4216 nonagesimo
1006 4135 1119 4218 primo,
1137 4135 1329 4206 duodecimo
1355 4140 1540 4210 kalendas

394 4242 544 4326 Augusti,
561 4243 665 4324 Regni
684 4249 791 4307 autem
808 4242 907 4306 nostri
924 4261 1008 4307 anno
1025 4243 1176 4308 secundo.

772 4437 854 4501 {Pane
867 4431 935 4486 trin
948 4435 1144 4502 lucerentque..

903 4629 1059 4642 n-——es—-d
