3124 5194
936 987 1011 1055 lae.

400 1169 508 1235 Jonas
518 1167 645 1252 saproc
655 1165 687 1230 es
704 1163 769 1232 Vas
777 1166 1155 1254 mepydkfdiapo'aydack
1164 1165 1439 1252 biaenysdpleeeie,
1447 1171 1517 1254 top

402 1271 507 1338 Herio
521 1273 753 1360 nemcpbeti
772 1273 880 1339 Tioon
890 1274 1049 1340 eomemek
1058 1276 1127 1360 fini
1141 1277 1174 1341 ὄσ
1189 1274 1290 1341 Paris
1306 1277 1457 1342 cosmed
1464 1278 1519 1360 fici

503 1377 584 1464 Gely
598 1377 743 1445 birtekrc
758 1382 851 1445 cesos
865 1381 1099 1466 &imposne
1115 1381 1328 1469 epyezkedtele.
1345 1386 1440 1452 1295.

509 1573 577 1641 Nes
594 1575 751 1658 Magister
775 1573 944 1642 Jehannes
969 1575 1087 1642 Comes
1111 1575 1346 1661 Suprunieusis
1370 1583 1402 1642 et
1424 1577 1518 1646 (lusui

402 1681 515 1747 Ferrei
542 1682 696 1749 memorie
727 1679 992 1748 commendantes
1035 1682 1256 1764 significamus
1283 1681 1440 1750 minensis
1462 1685 1519 1768 qui-

400 1789 461 1853 hus
486 1787 620 1872 expedit
643 1787 848 1873 presencium
879 1810 938 1875 per
972 1795 1141 1876 tenerem,
1173 1788 1349 1872 quodcum
1367 1790 1518 1857 lohannes

401 1895 529 1980 Comes,
547 1894 677 1962 Thiuan
694 1897 842 1982 etLuha,
858 1896 917 1980 lilij
936 1896 1071 1962 Comitis
1087 1895 1220 1962 'Phineu
1230 1896 1271 1963 de
1281 1915 1405 1979 genere
1419 1897 1519 1983 Beris,

406 2002 600 2085 Magistrum
616 2002 792 2070 Emirionm
815 2003 1012 2086 etEgidium
1023 2001 1108 2070 tilios
1119 2001 1256 2071 Comitis
1265 2004 1397 2070 Paridis
1414 2024 1518 2086 genere

400 2110 442 2177 de
455 2109 568 2177 eodem
585 2129 683 2195 super
699 2110 786 2178 facte
813 2111 1055 2196 possessionum
1083 2129 1216 2176 suarum
1234 2111 1320 2194 Gely
1346 2116 1518 2175 vocatarum

400 2217 442 2283 cd
459 2223 604 2284 uestram
629 2217 833 2302 presenciam
853 2225 1056 2302 enecassent,
1090 2217 1204 2285 ordine
1227 2215 1407 2300 judiciario
1433 2237 1517 2301 agere

400 2315 578 2409 cupientes,
595 2325 689 2390 ouius
704 2324 851 2391 eiusdem
878 2331 989 2409 partes
1014 2331 1092 2390 cute
1111 2343 1206 2390 suam
1231 2325 1470 2408 responsionem
1484 2343 1517 2388 ex

399 2435 512 2498 nestra
527 2430 744 2516 permissione
760 2437 892 2516 propter
918 2433 1036 2498 bouum
1054 2432 1145 2516 pacis
1163 2432 1197 2496 iu
1214 2431 1314 2497 talem
1332 2431 1470 2516 unionis,
1484 2429 1518 2496 le-

401 2535 488 2604 deris
506 2545 538 2604 et
554 2537 724 2603 concordie
740 2538 868 2604 titulum
894 2536 1116 2622 deueueruut3
1144 2537 1229 2624 quod
1245 2539 1348 2623 ijdem
1364 2537 1518 2606 Johanues

400 2642 530 2730 Comes,
547 2644 676 2711 'Phineu
693 2651 725 2711 et
740 2645 837 2712 Lnlra
854 2644 896 2710 de
912 2645 1007 2712 terris
1024 2646 1094 2711 suis
1111 2645 1290 2730 acquisitis,
1307 2647 1453 2731 exeeptis
1467 2653 1516 2709 ter·

400 2751 445 2818 ris
462 2772 573 2820 eornm
589 2753 816 2840 hereditarijs,
849 2754 983 2820 exclusa
1008 2753 1159 2837 porcione
1183 2751 1334 2836 Magistri
1351 2751 1479 2817 Emirici
1493 2756 1518 2813 el

401 2859 499 2944 Egidi
516 2861 745 2946 predictorum,
771 2865 804 2927 et
820 2867 974 2946 exempta
999 2861 1152 2944 porcione
1177 2859 1339 2943 Stephani
1354 2859 1414 2944 filij
1431 2856 1516 2939 hlagi·

402 2970 464 3035 stri
480 2968 607 3052 Jaeohi,
625 2968 759 3035 terciam
776 2975 903 3053 partem
920 2967 1011 3034 illius
1028 2965 1212 3052 porcionis,
1238 2985 1336 3050 qnam
1352 2965 1417 3050 ipsi
1434 2962 1517 3050 possi·

399 3075 532 3164 debant,
550 3077 690 3143 vicinam
707 3083 740 3143 et
755 3075 965 3155 continuam,
991 3095 1067 3158 ymo
1093 3073 1298 3141 adiacentem
1320 3073 1416 3140 terris
1432 3071 1518 3154 hlagi·

400 3185 459 3251 stri
474 3183 609 3251 Emiriei
628 3189 660 3248 et
675 3182 772 3267 ldgidi
789 3183 1062 3268 prescriptorum,
1088 3179 1257 3265 dederunt,
1277 3180 1481 3248 contuleruut
1493 3183 1518 3242 et

400 3291 606 3360 donauerunt
622 3291 779 3373 Magistro
792 3291 934 3356 limirieo
956 3298 988 3354 et
1005 3288 1126 3372 Egidio
1128 3290 1206 3374 jure
1222 3295 1381 3374 perpetue
1396 3288 1519 3373 pacifice

400 3405 434 3463 et
448 3401 556 3483 quiete
566 3400 872 3467 aeirrenooahiliter
882 3399 1115 3484 possidendam
1126 3397 1281 3464 heredum
1297 3416 1358 3482 per
1375 3394 1516 3476 heredes;
1539 3397 1543 3410 '

400 3505 462 3571 hoe
477 3505 616 3593 adiecto,
633 3507 764 3591 quodsi
789 3507 935 3592 parcium
951 3507 1065 3590 aliqua
1080 3525 1180 3590 super
1196 3505 1294 3573 iactis
1310 3504 1482 3590 preteritis,
1495 3508 1519 3566 et

401 3613 588 3698 specialiter
603 3635 701 3701 super
725 3617 813 3682 fecto
838 3621 871 3682 et
887 3613 1117 3682 destruccione
1142 3613 1291 3696 predicte
1317 3607 1519 3699 possessionis

400 3719 476 3787 lites
492 3741 550 3787 scu
567 3723 751 3806 questiones
768 3723 914 3790 excitare
930 3721 1107 3803 uolumini,
1140 3741 1220 3806 pars
1238 3721 1352 3788 uolens
1369 3719 1519 3787 hostiliter

400 3845 500 3911 agere
516 3833 630 3895 eontra
645 3836 772 3913 partem
789 3829 929 3894 alteram
944 3827 978 3892 iu
1004 3826 1243 3911 quinquaginta
1263 3826 1384 3893 mareis
1400 3824 1518 3892 ennun-

401 3941 528 4002 eeretur
553 3941 725 4020 tacentem,
741 3941 774 4002 et
788 3934 912 4004 nullum
924 3935 1104 4018 questionis
1120 3933 1293 4002 materiam
1309 3939 1518 4019 generantem,

400 4063 461 4110 nec
477 4063 540 4110 non
558 4041 717 4128 presentis
742 4041 990 4127 composicionis
1006 4060 1047 4108 ae
1062 4039 1282 4109 ordinacionis
1297 4041 1469 4108 materiam
1483 4039 1519 4104 in

403 4150 601 4218 uiolahiliter
617 4151 852 4218 obseruantem.
869 4150 1048 4216 Voluerunt
1074 4150 1178 4216 eciam
1193 4156 1316 4236 partes,
1332 4155 1368 4216 ut
1384 4163 1520 4232 persons·

401 4257 475 4324 liter
500 4257 695 4325 accederent
726 4255 770 4322 ad
796 4256 983 4342 Capitulum
1004 4255 1151 4324 Ecclesia
1175 4254 1289 4323 Sancti
1305 4255 1474 4324 Michaelis
1489 4251 1519 4317 de

402 4365 515 4432 Castro
532 4365 660 4447 Ferreo,
676 4370 709 4429 et
724 4369 867 4429 nostrum
879 4362 1088 4446 priuilegium
1105 4381 1177 4431 eum
1195 4362 1370 4448 priuilegio
1387 4361 1518 4429 eiusdem

402 4469 545 4555 Capituli
562 4473 797 4540 confirmarent.
1052 4459 1055 4466 ’

401 4646 439 4711 (Δ
453 4647 565 4701 vesstri
578 4646 769 4716 kdptalauualr
781 4663 873 4716 ugyan
887 4648 997 4699 taes-ki
1016 4644 1173 4708 dtiratdboh
1193 4650 1262 4700 mint
1274 4645 1358 4702 altbb
1371 4650 1432 4701 18⁶.
1444 4665 1478 4700 ss.
1491 4643 1519 4710 s.)
