3124 5194
537 365 704 468 Q

9 563 11 574 ’
63 563 103 630 sis
118 559 329 644 reliquissent
345 565 377 626 et
392 555 627 642 assignassent,
645 578 717 626 cum
730 561 798 628 suis
811 559 1001 628 utilitatibus
1027 563 1187 651 omnibus,

9 705 18 738 r
62 668 148 738 dictis
163 669 285 736 comiti
302 667 396 734 Petro
413 672 446 733 et
461 663 527 732 lilio
543 684 612 752 suo,
627 685 667 733 ac
684 667 929 736 successoribus
945 671 1123 738 eorundem
1145 674 1188 740 si-

61 776 170 842 militer
184 780 342 862 perpetuo
365 775 437 840 iure
462 771 697 858 possidendam
723 781 755 841 et
781 774 975 862 tenendam
993 783 1025 843 ct
1040 780 1188 864 prelatus

9 885 10 912 ³
64 879 191 950 Ocsmas
206 901 268 968 pro
286 900 321 947 se
338 884 370 948 ct
383 879 529 964 predicto
544 877 648 945 fratre
664 900 722 947 sno
746 901 789 949 ex
813 904 879 950 vna
903 891 1007 972 parte,
1032 885 1189 970 Magister

9 1017 18 1071 f.
64 987 148 1057 dude
163 985 331 1075 predictus
348 1005 406 1072 pro
422 1005 458 1054 se
475 994 506 1054 et
522 1005 581 1072 pro
597 986 711 1053 eodem
722 997 816 1074 patre
825 1011 884 1058 suo
897 1012 938 1060 ex
948 993 1061 1076 altera,
1074 1011 1183 1060 coram
1201 997 1202 1002 ’

9 1085 12 1178 3'
63 1097 149 1164 nobis
165 1095 380 1182 personaliter
397 1093 573 1182 constituti,
591 1097 701 1162 omnia
716 1097 879 1182 premissa
895 1097 1098 1167 affirmarunt
1114 1121 1188 1168 cou-

9 1195 10 1198 '
64 1211 238 1286 sequenter.
257 1204 394 1287 Insuper
408 1201 495 1268 idern
512 1199 647 1268 Cosmas
664 1203 822 1286 obligauit
837 1223 874 1271 se
891 1211 923 1272 et
933 1207 1041 1289 ipsum
1051 1207 1185 1298 fratrem

9 1333 10 1338 ¹
65 1329 149 1378 snum
165 1329 204 1376 ac
221 1307 360 1375 heredes
377 1307 552 1373 eorundem
569 1328 676 1373 coram
693 1311 797 1398 nobis,
825 1309 917 1396 ipsos
946 1312 1101 1380 Comitem
1128 1315 1188 1382 Pe-

9 1475 11 1514 ᾖ
66 1425 141 1484 trum
158 1425 190 1482 et
205 1417 400 1499 Magistrum
418 1415 555 1500 Gudem,
582 1436 621 1481 ac
647 1414 780 1484 heredes
806 1417 982 1484 eorundem
1006 1421 1190 1508 uniuersos,
1218 1467 1219 1470 =

67 1527 103 1592 ab
119 1525 269 1592 omnibns
296 1523 445 1609 cognatis
472 1522 538 1588 suis
564 1524 606 1590 de
630 1525 849 1607 generacione
873 1526 1028 1614 ipsorum,
1054 1530 1187 1598 racione

9 1621 11 1674 i
68 1631 144 1700 dicte
159 1641 245 1700 terre
270 1633 426 1718 impetere
457 1631 649 1712 nitentibus,
682 1631 859 1698 defendere
890 1637 923 1696 et
938 1632 1091 1718 expedire
1118 1657 1190 1722 pro·

9 1737 11 1826 ᾗ
68 1740 139 1825 prijs
155 1742 324 1820 laboribus
341 1747 372 1806 et
390 1739 554 1825 expensis.
571 1739 676 1805 Melas
694 1745 815 1819 autern,
842 1741 960 1824 quibus
991 1742 1104 1808 eedem
1119 1764 1190 1830 par-

70 1851 112 1914 tes
127 1853 210 1914 terre
227 1845 413 1914 abinnicem
439 1852 641 1931 separantur,
666 1845 752 1912 idem
777 1847 871 1913 homo
896 1855 1005 1916 noster
1022 1857 1053 1915 et
1077 1858 1187 1935 parles

9 1939 11 1954 '
69 1953 167 2020 taliter
183 1975 294 2020 coram
326 1953 421 2020 nobis
455 1959 703 2039 expresserunt:
730 1954 816 2037 quod
842 1954 948 2040 prima
973 1963 1060 2024 meta
1075 1959 1191 2044 incipit

72 2063 107 2128 ab
122 2062 242 2128 oriente
259 2061 345 2127 inter
377 2061 440 2127 duo
472 2060 679 2144 molendina;
694 2059 771 2125 inde
789 2060 955 2143 egreditur
973 2062 1016 2128 ad
1041 2065 1188 2132 occiden-

9 2219 13 2312 ἰ
69 2165 143 2254 tem',
175 2177 206 2234 et
232 2169 340 2251 iungit
371 2169 534 2250 quandam
551 2174 707 2254 stratam,
740 2179 772 2234 et
788 2167 965 2256 peripsam
991 2169 1097 2237 cundo
1123 2191 1194 2258 per-

9 2315 13 2370 5
71 2276 150 2342 uenit
164 2275 206 2342 ad
222 2275 386 2359 quendam
403 2275 507 2342 locum
525 2273 743 2342 Nclrecbfoka
758 2282 920 2362 vocatum,
948 2278 1003 2344 rbi
1028 2286 1103 2346 sunt
1129 2280 1191 2347 due

9 2373 11 2492 ἐ
71 2390 182 2488 meteej
200 2390 232 2450 ct
250 2381 372 2450 directe
388 2383 493 2449 eundo
510 2383 544 2448 in
561 2382 657 2468 silua,
675 2383 708 2448 in
727 2384 814 2449 exitu
830 2383 933 2469 ipsius
960 2385 1064 2471 iungit
1080 2387 1192 2456 simili·

9 2511 12 2592 ἰ
72 2495 113 2554 ter
128 2489 207 2557 duas
224 2499 340 2575 metas,
355 2499 386 2556 ct
400 2490 518 2556 transit
535 2488 696 2574 quendam
714 2509 882 2575 campum3
906 2492 1022 2558 iterato
1047 2493 1149 2561 intrat
1159 2497 1193 2562 in

74 2597 224 2678 quandam
236 2598 364 2683 siluam,
382 2606 415 2664 ct
431 2597 537 2664 eundo
553 2597 675 2663 directe
690 2597 725 2662 in
742 2597 855 2664 eadem
873 2599 1020 2684 peruenit
1035 2602 1078 2668 ad
1094 2622 1194 2685 quen-

74 2702 138 2768 dam
153 2707 257 2771 locum
274 2703 509 2774 Kucburdlolra
524 2704 736 2791 nominatum,
752 2705 807 2771 vbi
824 2713 899 2770 sunt
924 2706 987 2772 due
1012 2715 1136 2792 metee3
1164 2719 1196 2776 ct

9 2805 13 2916 l
74 2809 168 2880 adbuc
183 2812 306 2880 directe
329 2811 435 2881 eundo
450 2811 494 2878 ad
509 2813 721 2901 occidentem,
737 2815 770 2879 in
788 2814 872 2880 silua
896 2815 1001 2898 iungit
1026 2818 1190 2897 quoddam

9 2919 11 3014 ξ
74 2917 180 2986 flumen
196 2923 292 3005 Eyeg
309 2926 468 3007 vocatum,
485 2919 539 2988 vbi
556 2928 629 2986 sunt
646 2919 710 2986 due
727 2927 831 2987 metes
847 2939 948 3003 snpra
973 2923 1193 2991 molendinum

9 3017 13 3120 ζ
80 3029 191 3095 Thone
214 3030 318 3115 Bani3
330 3035 363 3095 et
379 3027 485 3094 eundo
496 3027 617 3094 directe
629 3029 778 3113 peruenit
788 3026 831 3092 ad
842 3028 1004 3112 quendam
1014 3029 1120 3096 locum
1137 3031 1193 3097 Zo-

9 3127 11 3214 ζ
75 3134 259 3224 lumkereky
274 3147 433 3224 vocatum,
449 3137 505 3204 vbi
520 3145 595 3203 suut
611 3134 673 3203 due
689 3141 793 3202 metce
804 3160 812 3220 ;
823 3135 941 3201 deinde
952 3137 994 3201 ad
1005 3137 1117 3202 villam
1128 3139 1194 3204 Do·

9 3235 12 3306 ἷ
78 3245 127 3310 bos
141 3247 331 3331 predictam,
342 3247 397 3312 vbi
408 3252 482 3312 sunt
493 3245 557 3312 due
570 3252 692 3329 metee3
710 3251 743 3310 et
754 3244 1011 3329 pertranseundo
1021 3244 1128 3329 ipsam
1138 3245 1196 3314 vil-

9 3337 11 3442 }
77 3351 135 3419 lam
150 3353 256 3437 iungit
273 3353 436 3437 quoddam
453 3355 642 3438 pomerium,
658 3350 712 3417 vbi
732 3350 792 3418 sub
802 3350 945 3435 quadam
955 3355 1071 3420 arbore
1080 3372 1198 3442 cerasy
1304 3340 1306 3348 ¹

9 3483 11 3528 r
79 3460 215 3528 suntdnc
225 3451 341 3546 metee;
354 3461 472 3529 deinde
482 3460 526 3527 ad
538 3459 708 3527 ecclesiam
719 3459 752 3526 in
763 3459 1199 3528 eadcmrillaDoboslunda-

9 3537 12 3682 ἑ
69 3571 148 3653 tam,
162 3569 310 3636 etadbuc
322 3569 443 3635 directe
460 3567 576 3652 eundo,
595 3588 654 3652 per
664 3587 811 3652 campum
822 3565 915 3634 iuxta
926 3567 1089 3651 quoddam
1099 3569 1197 3636 berch

9 3723 11 3768 ᾗ
79 3673 174 3759 iungit
188 3677 271 3743 duas
288 3682 410 3757 metas;
427 3675 544 3744 deinde
555 3675 598 3738 ad
613 3673 831 3741 furcacionem
842 3674 1044 3757 quarundam
1060 3676 1198 3761 viarum,

80 3781 127 3848 rbi
144 3785 290 3851 similiter
305 3788 381 3850 sunt
397 3783 461 3850 due
476 3789 590 3869 metee,
609 3789 642 3850 et
657 3783 703 3850 ibi
720 3783 885 3866 egreditur
911 3801 1009 3868 super
1034 3783 1198 3865 quandam

81 3889 156 3955 dam
172 3911 234 3974 quc
250 3890 398 3978 procedit
409 3911 522 3959 versus
532 3891 695 3974 quendam
712 3892 818 3956 locum
828 3889 1025 3957 Turstbelnk
1036 3895 1199 3972 vocatum,

9 3983 12 4046 ἱ
82 4003 109 4060 ct
124 4000 224 4065 eundo
238 4019 298 4084 per
315 4017 468 4081 magnum
484 3998 629 4083 spacium
644 3998 678 4063 in
689 3997 802 4064 eodem
819 3995 1112 4078 locoTurstbeluk,
1124 3995 1196 4062 iun-

83 4101 124 4184 git
137 4107 297 4187 quandam
314 4106 464 4172 arborem
480 4107 679 4190 perplexam,
697 4104 752 4172 rbi
769 4109 844 4170 sunt
861 4103 925 4170 due
941 4109 1063 4185 metee3
1084 4110 1115 4168 ct
1142 4102 1198 4169 ad-

82 4207 138 4276 buc
151 4213 192 4278 ad
207 4213 346 4282 eandam
363 4213 494 4296 plagam
512 4212 628 4294 eundo,
644 4215 731 4278 inter
756 4217 895 4278 castrum
922 4209 1055 4275 Kokoth
1080 4218 1113 4277 et
1136 4209 1201 4276 Hc·

9 4307 12 4390 l
84 4317 218 4398 gnshotm
234 4321 386 4406 peruenit
403 4316 446 4387 ad
463 4319 544 4385 duas
561 4325 674 4402 metas,
692 4320 747 4386 vbi
761 4315 939 4384 reflectitur
954 4318 1039 4383 inter
1048 4315 1198 4384 occiden-

9 4403 12 4492 l
85 4425 140 4488 tem
155 4431 184 4491 et
199 4429 404 4514 aquilonem3
423 4432 455 4494 et
465 4425 570 4493 cundo
581 4425 713 4511 directe,
730 4423 878 4510 peruenit
887 4423 932 4489 ad
947 4423 1053 4491 locum
1065 4423 1196 4492 Waros·

9 4499 12 4590 l
86 4525 174 4599 dobos
187 4535 399 4620 nominatum,
411 4533 466 4602 vbi
490 4534 522 4599 in
535 4533 674 4618 quodam
691 4532 789 4598 berch
804 4551 907 4617 paruo
923 4531 1030 4616 iungit
1041 4530 1123 4598 duas
1135 4549 1199 4596 me·

9 4597 12 4738 l
86 4638 146 4722 tas3
161 4646 191 4707 ct
205 4640 406 4709 transeundo
421 4641 528 4726 ipsum
544 4641 652 4708 locum
667 4639 703 4705 in
722 4638 827 4705 medio
844 4639 993 4722 peruenit
1017 4637 1061 4706 ad
1088 4643 1195 4706 metas

9 4741 12 4820 ι

9 4821 16 5010 t

124 4771 218 4812 uerus.
234 4775 318 4814 nuuc.
334 4773 406 4816 nnec.
424 4783 468 4799 -
483 4776 555 4814 nnnc.
573 4768 611 4813 ¹8.
996 4749 1035 4812 15
