3124 5194
618 1007 694 1078 121.

74 1205 287 1275 Ylsousasina
303 1207 365 1278 HI.
380 1207 608 1294 Ersdrela‘suilp
618 1209 785 1296 aagjdoale
795 1209 1062 1296 bizoapsu'pleoele,
1074 1210 1157 1294 leopp
1164 1205 1219 1290 fd·

70 1317 209 1382 tdlaoka
228 1315 375 1383 Ldrinoz
390 1326 497 1382 master
512 1318 542 1380 s's
559 1319 700 1382 testve'rei
716 1316 829 1382 Oroszi
844 1326 927 1381 asoti
942 1315 1126 1381 birtokulrat
1147 1315 1219 1382 Vol·

191 1421 236 1487 lro'
255 1423 429 1510 meppe'hsa
447 1419 578 1488 Sdudos·
593 1422 778 1488 aiodornnlr
796 1423 990 1509 sittopodte‘lc.
1010 1423 1108 1487 1295.

182 1615 260 1686 Mos
278 1617 436 1686 Nioolaus
452 1615 555 1702 Regni
580 1617 748 1702 Hungarie
775 1617 944 1684 Palatinus
971 1623 1003 1683 et
1024 1616 1130 1684 Juden
1157 1617 1214 1686 Oo-

74 1742 252 1792 manorum
272 1727 336 1793 stb.
353 1725 440 1811 quod
455 1723 490 1792 in
507 1723 771 1808 congregacione
787 1731 897 1792 nostra
913 1723 1067 1792 Generali
1083 1723 1216 1791 Vniuer-

75 1831 185 1900 sitatis
202 1833 378 1902 Nobilium
395 1831 576 1899 Comitatus
593 1832 633 1898 de
649 1831 799 1898 Walkorv
817 1831 900 1900 feria
911 1829 1056 1898 seeunda
1067 1835 1216 1920 proxima

75 1946 151 2006 snte
167 1947 315 2008 oetauas
331 1939 405 2007 lesti
422 1938 613 2006 Natiuitatis
629 1939 740 2006 Sancti
757 1939 917 2008 Jolranni's
935 1939 1082 2025 Baptista
1095 1941 1129 2007 in
1154 1943 1214 2008 Za·

76 2046 153 2116 badi
170 2049 358 2130 celebrata,
375 2047 541 2118 Johannos
558 2046 643 2114 tilius
660 2047 842 2116 Alexandri
859 2049 1024 2116 demedio
1050 2050 1216 2118 uniuerso·

76 2175 145 2220 rum
163 2157 331 2226 nobilium
347 2155 572 2239 eonsurgendo
589 2163 701 2222 eontra
726 2155 919 2240 Magistrum
944 2157 1089 2244 Phylpus
1115 2157 1214 2224 tilium

79 2261 258 2352 Laureneij
279 2265 320 2332 de
337 2264 493 2347 Korengh
511 2263 657 2332 exhibuit
673 2265 766 2331 uobis
793 2263 951 2349 quasdam
978 2265 1060 2333 duas
1086 2265 1213 2334 litteras

78 2369 323 2456 priuilegiales,
340 2391 437 2439 unam
453 2371 606 2439 videlieet
622 2373 752 2441 domine
769 2372 968 2440 Thomasine
984 2373 1096 2442 matris
1114 2375 1213 2460 Regis

81 2475 139 2542 Dei
155 2478 278 2561 grauia
294 2483 370 2545 tune
395 2479 535 2546 Dueisse
561 2478 667 2546 tesius
692 2479 866 2547 Selauonie
891 2499 912 2544 a
938 2481 1086 2548 Danubio
1112 2501 1215 2565 usque

81 2603 190 2672 mare,
217 2585 399 2654 seeundum
425 2583 611 2654 conuentus
637 2586 881 2671 Waradiensis,
916 2585 948 2652 in
973 2607 1059 2654 anno
1083 2588 1215 2655 Domini

83 2692 204 2761 M⁰OC⁰
221 2694 436 2780 nonagesimo
453 2697 566 2780 quinto
583 2703 775 2782 emanatas;
796 2696 828 2762 in
845 2717 980 2780 quarum
996 2697 1163 2764 tenoribus
1180 2695 1212 2762 ln

85 2805 132 2868 ter
147 2809 261 2870 uetera
276 2801 466 2890 reperimus,
482 2804 569 2888 quod
585 2805 782 2870 Laurenoius
808 2804 962 2888 Magister
987 2805 1215 2889 Dapiterornm

84 2907 169 2977 dioto
185 2908 333 3000 domine,
349 2917 381 2979 et
396 2909 554 2996 Magister
569 2911 727 3000 Phylipus
745 2932 783 2979 ae
794 2911 984 2997 Ladinlans,
995 2913 1051 2996 filij
1064 2911 1215 2995 Magistri

87 3015 227 3107 Phylipi,
246 3021 352 3107 primo
366 3041 474 3088 eoram
491 3021 604 3089 eadem
622 3021 765 3106 domina,
779 3020 908 3087 demum
924 3020 958 3088 in
986 3021 1100 3088 eodem
1126 3039 1213 3087 anno

86 3124 118 3192 in
132 3128 308 3212 presencia
324 3128 401 3196 dieti
417 3127 601 3196 Casuentus
618 3129 846 3216 comparando,
864 3128 1027 3212 quandam
1038 3127 1212 3214 possessio·

87 3253 156 3301 nem
173 3235 322 3324 ipsorum
347 3235 578 3304 hereditariam
596 3239 716 3323 Wrnny
742 3243 900 3321 voeatam,
926 3237 959 3304 in
983 3235 1149 3303 Comitstu
1173 3235 1214 3301 de

90 3340 245 3414 wulkow
262 3342 464 3429 existentem,
475 3365 533 3432 per
544 3347 673 3412 modum
690 3343 863 3411 diuisionis
880 3363 901 3410 a
916 3344 1074 3429 Magistro
1090 3343 1211 3413 Johan·

89 3469 137 3536 ne,
153 3452 330 3542 Phylippo,
349 3454 513 3521 Demetrio
529 3460 563 3521 et
576 3453 730 3522 Ladizlao
746 3451 824 3537 lllijs
840 3452 974 3519 Comitis
1001 3451 1146 3520 Ladialai
1164 3451 1213 3518 di·

92 3559 240 3629 stinetam
257 3566 290 3630 et
305 3568 499 3648 separatam,
519 3568 552 3628 et
576 3561 611 3627 in
631 3561 687 3648 jus
713 3583 752 3628 ae
776 3559 1011 3648 proprietatem
1035 3558 1213 3629 eorundem

89 3663 283 3754 denotatam,
301 3687 340 3736 ex
356 3690 439 3756 pura
455 3673 486 3736 et
503 3668 633 3736 sincera
649 3665 866 3754 permissione
883 3667 1058 3736 eorundem
1074 3667 1212 3736 tiliorum

90 3770 240 3861 Ladialai,
257 3795 317 3861 pro
333 3775 546 3843 fidelitatibus
561 3781 594 3841 et
609 3775 820 3842 seruleiorum
837 3774 958 3842 meritis
985 3773 1121 3841 Comitis
1138 3775 1213 3844 Ala-

91 3879 198 3949 xandri
217 3881 346 3970 pugilis,
362 3902 425 3969 qne
440 3883 525 3951 idem
541 3887 687 3970 temporo
701 3883 849 3968 Magistri
865 3882 1018 3970 Phylippi
1043 3881 1149 3969 patris
1165 3883 1213 3970 ip-

92 4005 192 4056 sorum
210 3993 297 4059 bone
313 3993 476 4078 memorie,
494 3997 527 4059 et
551 3990 681 4057 demum
707 3989 829 4059 eisdem
856 3991 890 4056 in
916 3989 1056 4058 diuersis
1082 3990 1212 4077 expedi·

92 4093 230 4165 sionibus
247 4098 316 4165 suis
331 4097 540 4166 landabiliter
555 4098 758 4184 inpendisset
783 4104 817 4165 et
841 4098 967 4182 deuote,
991 4119 1031 4165 ae
1055 4097 1213 4165 effusione

93 4204 254 4287 sanguinis
264 4205 419 4293 eiusdem,
436 4205 577 4274 confessi
592 4205 731 4274 fuissent
746 4203 875 4272 dedisse
892 4205 996 4273 eidem
1010 4206 1126 4273 Comiti
1137 4205 1213 4270 Ale·

97 4311 222 4397 sundro,
242 4319 274 4377 ot
290 4331 349 4398 per
365 4333 438 4379 eum
455 4314 524 4381 suls
541 4313 712 4381 heredibus
725 4316 800 4400 jure
815 4321 973 4399 perpetue
992 4321 1025 4379 et
1049 4312 1208 4380 irreuoea·

95 4413 193 4486 biliter
208 4420 342 4506 paeifiee
359 4419 589 4506 possidendam
606 4424 666 4489 sab
684 4423 750 4508 hijs
766 4423 859 4488 metis
877 4427 908 4486 et
925 4421 1082 4510 terminis,
1093 4421 1210 4504 quibus

98 4525 200 4594 eadem
218 4531 385 4616 possessio
401 4529 509 4619 Orony
524 4553 584 4617 por
600 4531 946 4616 priorespossessores
972 4549 1047 4598 suos
1071 4529 1212 4597 limitata
1280 4581 1286 4590 .

97 4623 190 4712 iuerat
206 4643 241 4704 et
257 4655 429 4735 possessa;
446 4639 507 4705 tali
523 4640 628 4730 modo,
645 4645 680 4707 vt
704 4639 835 4707 raeione
861 4637 964 4733 ipsius
992 4636 1211 4733 possessionis
