3124 5194
605 1001 680 1072 tac.

7 1219 9 1282 ἓ
77 1205 274 1271 Διαίαυάη·
299 1203 492 1269 konoeatnak
516 1202 884 1290 dc'aouysdplecelc,boyy
896 1200 1064 1269 Zebecbkes’
1077 1201 1211 1272 Zototeb

144 1311 227 1379 Alco
242 1309 477 1399 Gyertydaapb
485 1310 596 1398 solda
612 1309 731 1380 Milclds
746 1309 907 1380 conuocato
921 1310 1039 1377 elcdta.
1051 1311 1138 1380 1295

7 1575 9 1582 ,
166 1507 240 1572 Nos
251 1503 492 1591 fraterVysunc
509 1502 721 1570 miseracione
737 1502 859 1569 Diuiua
874 1502 984 1570 Abbas
1000 1505 1208 1574 Zaladieosis

7 1639 9 1646 >
79 1614 205 1696 locique
224 1613 368 1682 ciusdem
385 1611 570 1678 conuentus
589 1611 743 1678 memorie
763 1608 1027 1678 commendantes
1046 1611 1207 1695 significa·

6 1715 8 1728 ‘
79 1742 148 1788 mus
159 1722 280 1805 quibus
294 1717 424 1806 expedit
441 1726 507 1784 tam
519 1719 724 1805 presentibus
735 1737 831 1802 quam
843 1715 1129 1785 suturisvnioersis
1139 1741 1207 1806 pre·

6 1845 9 1872 ¹
78 1829 226 1895 sancium
242 1848 301 1913 per
316 1835 481 1894 tenorem:
498 1822 584 1908 quod
610 1825 803 1892 constitutus
819 1843 929 1891 coram
944 1826 1038 1892 nobis
1063 1827 1207 1897 Zobolch

6 1927 8 2016 J
77 1935 161 2002 filius
178 1936 350 2001 Mortunus
367 1933 407 2000 de
422 1931 604 2018 Zebechke,
622 1938 656 1997 ut
683 1931 776 2012 dixit,
803 1931 1019 2016 personaliter
1044 1935 1208 2016 quandam

6 2075 7 2114 3
78 2047 195 2109 terram
216 2060 308 2107 suam
325 2039 631 2125 scupossessionem
642 2039 832 2106 Interiorem
844 2039 1039 2125 Girtianagb
1056 2051 1207 2112 uocatam

6 2151 8 2222 ξ
79 2149 213 2215 oraculo
230 2147 304 2212 uiue
320 2147 410 2214 uocis
426 2155 477 2213 est
492 2147 666 2232 confessus,
685 2147 835 2213 omnibus
851 2146 966 2214 uicinis
990 2155 1022 2214 ct
1037 2159 1209 2220 commeta·

6 2265 8 2330 ξ
79 2259 146 2322 usis
163 2256 247 2340 suls,
266 2261 301 2320 ut
316 2253 465 2340 asseruit,
482 2251 665 2320 fauentibus
683 2264 716 2320 et
732 2252 1005 2339 permittentibus,
1021 2275 1079 2342 pro
1090 2277 1205 2328 nouem

6 2361 8 2410 ἲ
80 2364 195 2430 mareis
214 2362 333 2429 Comiti
350 2360 489 2428 Nicolao
505 2367 667 2446 perpetuo
693 2368 726 2426 et
741 2361 997 2429 irreuocabiliter
1013 2365 1045 2429 in
1062 2365 1145 2434 filios
1173 2365 1209 2430 li·

5 2471 8 2558 J
78 2471 196 2538 liorum
217 2469 405 2536 uendidisse
421 2465 662 2554 possidendam,
678 2488 750 2536 cum
766 2471 915 2538 omuibus
931 2472 999 2539 suis
1010 2471 1208 2543 utilitatibus

81 2587 112 2644 et
128 2576 345 2662 pertinencijs
362 2575 405 2642 ad
422 2575 567 2656 eandem.
584 2575 682 2641 Cuius
698 2575 828 2657 quidem
845 2583 929 2645 terro
946 2586 1030 2646 mete
1047 2581 1149 2666 prime
1175 2589 1207 2648 et

5 2689 7 2724 ²
78 2689 258 2770 angulares
273 2683 472 2769 incipientur
488 2701 509 2748 a
525 2687 618 2766 parte
634 2681 827 2750 occidentali
845 2685 878 2750 in
896 2685 1062 2754 uicinitate
1079 2708 1207 2772 posses·

77 2793 175 2861 sionis
197 2791 348 2859 Ecclesia
363 2792 404 2859 de
421 2789 606 2877 copornnk,
631 2789 686 2855 ubi
711 2799 786 2859 sunt
810 2797 876 2859 tres
900 2800 995 2878 mete,
1021 2814 1086 2862 uua
1111 2813 1210 2882 super

5 2889 7 2906 ²
79 2902 196 2968 arbore
213 2904 300 2987 eber,
317 2899 380 2966 due
395 2907 501 2967 terreo
518 2919 614 2984 super
631 2919 750 2984 magna
765 2901 830 2985 uia,
864 2919 926 2982 que
941 2901 1038 2968 arbor
1062 2906 1209 2972 rolooob-

5 3009 149 3092 faio
167 3015 325 3089 uocatur;
344 3007 377 3070 in
394 3006 506 3072 eadem
524 3009 627 3072 strata
643 3005 800 3090 pupplica
817 3003 904 3092 (lgy)
922 3007 1085 3074 tendendo
1096 3029 1209 3079 uersus

5 3149 7 3158 =
5 3114 380 3200 septemtrionalem
397 3111 550 3178 suuldus
567 3118 650 3177 mete
666 3120 789 3196 terrae,
806 3112 920 3180 aduc
912 3134 944 3180 rn
970 3113 1084 3182 eadem
1109 3115 1209 3202 plaga

5 3247 7 3304 ῑ
79 3220 222 3287 meando
254 3221 422 3304 perueniat
444 3217 486 3284 ad
502 3218 584 3285 duas
602 3226 705 3285 metas
723 3239 819 3304 supcr
835 3221 968 3286 arbores
985 3219 1098 3309 silicis,
1115 3231 1146 3291 et
1163 3225 1208 3292 ibi

5 3333 9 3432 ξ
79 3335 289 3414 separatura
307 3327 475 3392 uicinitate
501 3327 719 3412 possessionis
737 3327 883 3393 llcclesie
908 3328 1072 3414 predicte;
1098 3333 1131 3398 in
1157 3351 1208 3398 ca-

5 3475 7 3522 ,
79 3433 150 3503 dem
169 3453 247 3498 noro
273 3431 372 3516 plaga
399 3451 457 3515 per
483 3433 570 3498 uiam
596 3432 734 3499 eandem
760 3433 928 3517 perueniat
943 3434 985 3500 ad
1010 3441 1076 3502 tros
1102 3447 1205 3506 metas

5 3539 7 3600 ἶ
79 3543 269 3627 angulares,
286 3559 347 3622 que
363 3548 438 3606 sunt
454 3559 551 3625 super
576 3543 709 3607 arbores
734 3541 861 3607 silicum
877 3563 973 3609 cruce
992 3543 1207 3638 signatarum,

80 3669 141 3733 que
158 3653 318 3734 separant
334 3667 354 3712 a
370 3647 464 3714 terris
481 3655 511 3714 et
531 3649 625 3714 metis
653 3647 770 3732 Zigar5
786 3669 902 3717 uersus
929 3659 1036 3718 autem
1061 3656 1210 3724 meridio-

5 3769 8 3844 ᾗ,
78 3757 188 3822 nalem
228 3755 346 3821 abhinc
378 3755 551 3837 uoluendo,
568 3757 601 3822 iu
627 3758 739 3823 cadem
768 3779 888 3840 magna
913 3761 967 3824 uia
1003 3764 1208 3844 procedendo

5 3905 6 3908 =
79 3863 231 3949 peruenit
262 3861 305 3926 ad
338 3861 420 3927 duas
446 3868 560 3948 metas,
587 3883 652 3930 una
678 3883 775 3948 super
800 3865 919 3932 arbore
945 3871 1027 3950 abar,
1055 3867 1121 3934 alia
1147 3880 1207 3939 ter-

79 3990 144 4056 rea,
178 3968 234 4036 ubi
268 3970 429 4035 uicinatur
460 3970 553 4035 terris
580 3968 721 4035 filiorum
753 3973 879 4057 llatyc;
913 3974 995 4038 arluc
1027 3975 1060 4039 in
1092 3977 1207 4047 eadem
1267 4003 1269 4008 ’

77 4084 180 4145 strata
196 4075 352 4160 pupplica
367 4075 401 4140 iu
417 4075 532 4142 eadem
547 4077 648 4159 plaga
665 4077 827 4145 tendendo
844 4079 1013 4146 descendit
1029 4082 1113 4148 intcr
1124 4082 1205 4154 duas

5 4181 6 4194 ³
79 4184 195 4268 ualles,
213 4183 268 4250 nbi
286 4190 361 4250 sunt
377 4183 439 4248 due
456 4189 540 4250 mete
556 4191 670 4268 terreo,
686 4191 718 4250 et
735 4189 778 4252 ibi
797 4187 884 4253 cadit
901 4190 932 4252 in
949 4190 1086 4255 riuulum
1100 4213 1205 4279 unum,

79 4297 110 4358 et
123 4311 181 4377 per
196 4289 338 4356 muulum
354 4289 387 4354 in
406 4289 519 4356 eadem
535 4291 636 4376 plaga
652 4294 808 4360 currendo
834 4294 876 4358 ad
903 4294 1023 4392 fontem
1049 4301 1206 4388 lydeplcat

5 4397 6 4400 ’
79 4402 230 4462 uocatum
246 4397 426 4482 perueniat,
444 4398 498 4462 ubi
516 4397 679 4464 uicinatur
696 4406 727 4463 et
744 4399 947 4481 contignatur
963 4404 1057 4468 torris
1084 4413 1116 4470 et
1141 4427 1205 4475 me·

78 4502 120 4568 tis
136 4499 277 4584 Nicolay
293 4501 428 4569 Comitis
454 4504 609 4588 predicti3
639 4511 670 4570 el
696 4507 863 4592 perueniat
889 4507 1009 4574 abhinc
1034 4510 1077 4576 ud
1102 4521 1205 4583 metas

79 4608 168 4692 prius
184 4607 343 4692 scriptas,
359 4617 392 4676 et
408 4609 453 4676 ibi
469 4617 554 4676 meta
570 4609 714 4679 eiusdem
730 4611 953 4680 terminantur.
979 4615 1017 4684 Iu
1043 4619 1135 4686 cuius
1158 4622 1207 4691 rei

121 4740 216 4778 nosnos
231 4741 320 4780 nunc.
337 4743 408 4780 srsr.
425 4749 466 4764 -
482 4743 553 4781 omn.
572 4738 608 4782 ts.
1002 4721 1047 4791 14
