3180 5202
916 953 992 1021 249.

384 1149 570 1238 Gradeaipo
586 1152 677 1216 Peter
693 1151 843 1218 velenczet'
868 1152 944 1237 dopo
965 1151 1057 1215 Trou
1072 1149 1396 1235 edroatfclazdllitja,
1422 1151 1501 1237 boyy

535 1261 603 1324 300
618 1259 915 1346 velenczeifontnyi
930 1258 1104 1343 adoaadydt
1112 1257 1232 1340 fizcsae.
1253 1256 1348 1322 1300.

490 1455 606 1521 Petrus
620 1453 804 1522 Gradonico
821 1461 879 1522 ete.
898 1455 1061 1522 nobilibus
1080 1461 1112 1521 et
1131 1453 1336 1537 sapientibus
1359 1453 1430 1521 uiris
1442 1455 1501 1520 Po

379 1562 500 1648 testati,
518 1561 661 1630 Consilio
677 1572 710 1630 et
734 1564 963 1631 Communitati
988 1563 1158 1646 TraguriJ,
1178 1561 1293 1628 amicis
1309 1562 1433 1629 dilectis
1450 1581 1501 1629 sa-

380 1670 483 1736 lutem
499 1674 531 1734 et
547 1669 736 1737 dileccionis
752 1671 912 1737 affectum.
938 1669 1133 1755 Recepimus
1156 1676 1283 1734 uestras
1299 1667 1430 1754 litteras,
1444 1689 1501 1754 per

379 1794 463 1861 quas
480 1775 565 1842 inter
581 1783 690 1844 cetera
722 1797 781 1844 nos
806 1778 968 1860 rogastis,
999 1783 1158 1860 quatenns
1181 1777 1326 1859 placeret
1341 1775 1433 1842 nobis
1446 1795 1501 1860 per

382 1902 500 1952 causas
516 1885 549 1950 in
566 1886 647 1969 ipsis
672 1885 790 1952 litteris
821 1893 994 1952 annotatas
1026 1884 1196 1950 terminum
1222 1885 1318 1949 unius
1336 1885 1453 1950 mensis
1469 1893 1502 1950 et

381 1986 521 2078 dimidij,
539 2011 634 2074 quem
650 1991 742 2058 vobis
758 1991 946 2076 prefiximus
962 1990 1005 2057 ad
1017 1989 1210 2057 soluendum
1225 1989 1327 2057 libras
1342 1995 1498 2057 trecentas

378 2118 551 2183 paruarum
561 2149 571 2186 ,
588 2097 754 2182 inquibus
771 2097 848 2166 estis
863 2099 955 2165 nobis
971 2117 1030 2184 pro
1048 2097 1171 2164 Gemite
1198 2097 1342 2180 Georgio
1359 2098 1498 2183 obligati,

379 2225 558 2290 prorogare
574 2223 676 2286 usque
693 2205 735 2270 ad
752 2202 887 2271 Comitis
903 2201 1036 2288 Georgij
1048 2203 1187 2268 reditum
1204 2200 1243 2269 de
1258 2203 1407 2287 partibus
1417 2203 1500 2289 Apu-

376 2311 442 2394 lie;
459 2319 491 2378 et
509 2317 586 2376 tuno
603 2309 821 2376 intendebatis
854 2309 1053 2376 satisfacere.
1079 2309 1131 2375 Ad
1159 2329 1297 2392 quarum
1323 2310 1500 2394 significata

375 2417 558 2484 Prudencie
574 2423 680 2484 vestre
697 2417 846 2482 duximus
863 2423 976 2482 tenore
1002 2416 1204 2501 presencium
1223 2417 1499 2500 respondendnm:

377 2522 463 2608 quod
480 2525 586 2611 ipsam
603 2523 782 2608 pecuniam,
801 2543 863 2606 que
880 2522 1002 2590 avobis
1020 2530 1052 2589 et
1069 2524 1144 2608 alijs
1162 2522 1358 2590 Ciuitatibus
1376 2525 1499 2594 Dalma-

375 2631 426 2696 eie
442 2629 540 2697 debet
557 2631 654 2716 exigi,
671 2651 735 2698 non
753 2629 848 2696 debet
873 2631 907 2694 ln
923 2636 1067 2696 nostrum
1097 2629 1274 2697 Commune
1291 2632 1397 2716 recipi
1406 2685 1416 2718 ,
1446 2655 1500 2701 nec

374 2735 485 2801 baberi
501 2759 508 2820 ;
526 2736 642 2804 sedda
660 2739 733 2820 ipsa
749 2737 845 2803 debet
869 2735 1021 2804 satisfieri
1046 2739 1159 2803 multis
1191 2739 1311 2805 nostris
1343 2739 1499 2828 fidelibus,

373 2840 591 2909 damnificatis
608 2845 756 2926 grauiter
772 2845 837 2910 iam
855 2849 887 2908 et
902 2843 959 2910 diu
975 2865 1034 2928 per
1049 2845 1269 2927 Almissanos;
1287 2845 1406 2927 quibus
1417 2847 1499 2915 dam-

373 2949 513 3016 nificatis
531 2970 621 3016 mora
637 2955 722 3016 essct
737 2949 976 3018 intollerabilis.
1005 2953 1120 3034 Itaque
1145 2951 1289 3036 ipsorum
1316 2950 1498 3020 damnifica·

385 3077 476 3123 orum
492 3058 672 3124 necessitas
688 3077 747 3124 nos
763 3059 954 3144 constringit
984 3059 1111 3144 taliter,
1143 3058 1230 3140 qnod
1246 3079 1312 3124 non
1329 3079 1496 3144 possumus

370 3166 514 3249 amplius
532 3173 717 3250 expectare.
750 3164 845 3232 Vnde
869 3165 1085 3232 Prudenciam
1115 3171 1257 3231 vestram
1283 3185 1441 3248 rogamus
1457 3175 1498 3233 at·

371 3275 468 3356 lente,
486 3279 646 3355 quatenus
663 3272 809 3340 debeatis
826 3273 973 3340 celeriter
983 3273 1104 3339 dietam
1120 3291 1279 3338 summam
1296 3272 1377 3341 dare
1394 3283 1498 3341 nostro

273 3433 278 3440 .
374 3378 1008 3464 Comitilad103antevidelicetquam
1033 3379 1229 3465 procedatur
1254 3379 1299 3445 ad
1323 3382 1497 3467 pignoran-

371 3481 448 3552 dum
466 3493 599 3568 vestros,
618 3485 811 3569 ubicumque
831 3495 983 3573 poterunt
1007 3487 1040 3553 in
1073 3485 1220 3571 partibus
1236 3489 1338 3554 nostri
1355 3489 1496 3573 Dominij

368 3590 512 3676 reperiri.
530 3593 614 3659 Nam
631 3591 714 3659 sicut
730 3591 828 3676 scitis,
861 3591 986 3677 pluries
1003 3611 1061 3659 uos
1080 3591 1327 3677 requisiuimus;
1347 3599 1381 3662 et
1396 3597 1498 3662 termi-

370 3713 431 3763 nus
446 3697 588 3782 prelixus
605 3699 699 3764 vobis
715 3696 759 3764 ad
775 3698 871 3766 modo
889 3706 939 3766 est
953 3706 1148 3767 transactus.
1165 3702 1287 3767 Datum
1305 3699 1360 3767 die
1376 3701 1498 3770 XXVI.

365 3799 480 3886 Mareij
504 3803 594 3872 XIII.
614 3805 804 3872 indiccione.
1558 3821 1561 3826 '

619 4002 741 4066 (Lucina,
755 4003 885 4054 Memorio
898 4003 1021 4056 Storiche
1031 4005 1058 4054 di
1072 4005 1147 4056 Trau
1163 4005 1223 4055 rto.
1238 4005 1269 4072 l.)
