3146 5192
881 329 1041 430 ffl—

379 524 527 588 ¹sisssnt
545 521 740 590 Patronstus
765 541 842 588 vero
868 522 1014 590 Eeolesie
1038 521 1253 610 Paroehialis,
1276 518 1396 588 seilioet
1416 523 1497 590 Beati

381 629 515 698 -Jsoobi
530 629 692 716 Apostoli,
708 629 833 696 eisdem
848 621 1057 697 communiter
1071 629 1244 697 habendus
1260 628 1453 695 remansisset
1469 635 1496 695 et

399 737 567 804 tenendus.
584 739 737 805 Preterea
762 739 933 804 uniuersas
958 737 1114 805 utilitates
1139 738 1370 822 premissorum
1389 756 1496 822 posses·

398 845 526 912 sionum
542 846 693 930 omnium,
711 853 778 910 tam
794 845 828 908 in
843 844 958 927 vineis,
974 863 1072 928 quam
1089 845 1123 910 in
1138 844 1240 928 siluis,
1256 842 1349 926 aquis
1365 850 1395 907 et
1404 845 1497 928 pratis,

398 971 457 1016 nco
471 972 536 1018 non
552 954 586 1018 in
602 952 688 1036 alijs,
704 960 770 1018 tam
787 951 859 1033 sibi,
876 971 974 1034 quam
990 951 1137 1018 omnibus
1153 951 1195 1018 ad
1213 950 1344 1016 eosdem
1359 951 1496 1034 pertinen·

397 1059 498 1146 tibus,
514 1063 556 1125 ab
581 1057 702 1126 eisdem
728 1059 899 1141 quindenis
923 1077 1024 1142 vsque
1049 1059 1094 1125 ad
1120 1059 1253 1126 terciam
1284 1057 1497 1124 reuolnoionem

399 1167 577 1234 earundem
592 1166 804 1234 communiter
830 1165 1056 1252 percipiendas
1081 1165 1293 1234 dimisissent.
1322 1165 1500 1232 Aduenieute

398 1292 475 1338 uoro
492 1274 566 1356 ipsa
581 1275 685 1341 tersia
701 1274 905 1341 reuoluoione
922 1274 1000 1340 anni
1015 1293 1204 1356 quecunque
1221 1274 1367 1358 ipsarum
1377 1271 1499 1357 paroiuu

398 1379 576 1464 predictam
594 1379 787 1448 diuisionem
803 1386 986 1465 reuocaret,
1001 1380 1116 1447 uolens
1133 1379 1230 1446 certis
1247 1379 1343 1445 metis
1357 1383 1421 1444 tam
1443 1399 1498 1463 pre·

398 1485 501 1554 dietas
519 1489 758 1571 possessiones,
773 1507 872 1570 qnam
887 1487 1045 1553 utilitates
1065 1486 1243 1554 earundem
1259 1486 1302 1551 ab
1317 1485 1451 1551 inuioem
1463 1503 1499 1550 se·

398 1613 531 1678 parare:
548 1613 621 1679 pars
638 1594 744 1659 altera
760 1593 953 1680 consentire,
980 1599 1012 1666 et
1036 1594 1130 1660 metis
1155 1591 1335 1677 distingere
1359 1597 1500 1658 teneretur
1547 1669 1548 1672 Ἴ

398 1701 624 1783 possessiones
640 1709 672 1767 et
688 1701 845 1767 vtilitates
863 1719 974 1766 earum
989 1706 1189 1786 prenotatas.
1215 1700 1363 1765 Ceterum
1386 1716 1420 1765 se
1442 1715 1500 1782 pss-

399 1819 448 1874 tes
465 1807 508 1873 ad
534 1808 593 1874 hoo
618 1807 830 1890 obligassent,
858 1808 946 1888 quod
971 1827 1164 1891 quoeunque
1190 1806 1334 1892 ipsarum
1364 1803 1500 1894 (adiuba

398 1915 503 1980 forma
519 1912 688 1980 diuisionis
704 1915 852 1999 resiliret,
868 1921 946 1980 ante
970 1915 1038 1981 litis
1065 1914 1246 1998 ingressum
1273 1915 1359 1999 perti
1383 1913 1500 1980 aduerse

399 2031 531 2089 centum
547 2041 685 2106 mareas,
702 2029 797 2106 prout
812 2023 847 2086 in
862 2021 980 2090 litteris
996 2021 1174 2104 Regalibus
1190 2041 1225 2087 se
1241 2021 1283 2087 ad
1310 2021 1370 2086 hoo
1395 2019 1498 2103 obligo

396 2135 480 2214 runt,
497 2129 625 2196 soluere
641 2135 813 2195 teneretur.
830 2128 911 2194 Item
928 2149 964 2196 se
980 2136 1090 2214 pantes
1116 2127 1264 2194 similiter
1289 2115 1435 2212 ¹presente
1454 2128 1498 2194 Pe

396 2243 445 2301 tro
459 2233 695 2301 Archidiaoono
712 2236 756 2301 ad
771 2235 831 2300 boe
846 2235 1056 2319 obligassent,
1072 2235 1160 2319 quod
1176 2251 1364 2318 quecunque
1374 2233 1496 2319 ipsarum

396 2341 527 2408 rasione
543 2341 759 2428 predictarum
775 2341 1016 2424 possessionem
1044 2361 1102 2425 per
1127 2340 1314 2424 quempiam
1339 2341 1380 2406 ab
1404 2341 1496 2421 aliquo
1521 2427 1525 2436 ι

396 2448 622 2533 impeteretur,
638 2468 673 2514 ss
689 2448 835 2514 vicissim
851 2455 963 2516 eontra
978 2449 1140 2530 quoslibet
1165 2446 1341 2514 detondere
1365 2453 1396 2512 et
1420 2467 1496 2530 expe·

395 2555 464 2621 diro
480 2565 664 2622 tenerentur
679 2553 804 2640 pariter
819 2555 854 2620 in
871 2555 1034 2623 laboribus
1050 2561 1083 2622 et
1097 2553 1261 2639 expensis.
1279 2556 1398 2620 Datum
1422 2553 1496 2620 insi·

396 2661 517 2730 sesima
531 2663 676 2731 seeundo
691 2661 742 2729 die
758 2663 855 2730 Beati
872 2663 1003 2748 Georgij
1021 2663 1163 2731 martiris
1179 2683 1266 2731 anno
1291 2661 1422 2728 Domini
1442 2659 1496 2726 mil-

397 2771 512 2837 lesimo
527 2769 748 2839 ducentesimo
765 2771 974 2855 nonagesimo
991 2792 1088 2840 nono.

396 2963 445 3029 (As
470 2968 529 3030 egri
553 2964 742 3033 kbptslannsk
766 2969 878 3018 itte-ki
904 2949 1070 3028 atiratdbdh
1097 2967 1170 3032 maly
1194 2967 1341 3033 Zsigmond
1368 2963 1492 3032 kirtlynsl

395 3055 489 3122 „Budo
502 3057 570 3108 seria
582 3057 702 3107 secunda
714 3061 837 3122 proxima
849 3065 911 3123 post
923 3058 1020 3108 tostum
1034 3059 1122 3108 Pasce
1136 3052 1264 3108 Domini“
1281 3059 1359 3107 1401.
1375 3053 1491 3122 ,Magnifi-

396 3159 443 3194 eus
456 3141 498 3194 vir
527 3145 657 3211 Magister
669 3147 764 3197 Petrus
779 3146 849 3196 tilius
862 3147 986 3212 Symonis
1010 3148 1043 3197 de
1065 3148 1155 3198 Peren
1178 3148 1271 3198 Banus
1293 3153 1384 3199 noster
1404 3146 1492 3196 llsobo·

394 3235 507 3296 niensis,
521 3239 548 3285 et
571 3235 664 3286 Comes
686 3236 837 3287 Siculorum
862 3238 1029 3288 nostrorum‘
1054 3234 1179 3287 kdrdsdre
1201 3236 1308 3288 kiedott
1330 3229 1493 3303 puranostnsls

379 3320 508 3387 ¹lolytatn,
520 3339 552 3376 ss
566 3327 621 3390 egri
635 3322 767 3392 ksptalan
778 3325 846 3383 titul
861 3327 938 3376 1401.
954 3329 999 3396 „in
1012 3327 1156 3393 quindenis
1167 3320 1270 3376 Pases“
1280 3323 1362 3377 ismdt
1373 3321 1476 3375 dtirstott
1491 3338 1496 3381 ς

652 3431 669 3464 o
682 3414 753 3466 mols
767 3417 791 3466 b.
806 3414 922 3480 Perbnyi
937 3413 1029 3472 csaltd
1051 3412 1259 3481 lovbltdrdban.)
