3132 5192
337 551 404 618 tilio
414 549 547 631 Thome,
558 549 590 611 et
601 541 668 610 suis
684 535 857 604 heredibus
874 551 913 598 oo
928 503 1344 596 successorituodedisset
1362 490 1473 559 donas·
1554 476 1557 553 l

337 667 388 728 set
413 663 446 724 et
472 651 669 734 contulisset,
695 653 728 712 et
752 660 860 710 coram
885 633 978 702 nobis
1003 625 1103 708 dedit,
1118 614 1251 686 donauit
1270 613 1307 674 et
1334 597 1475 668 contulit

339 769 411 834 inre
426 767 588 849 perpetuo
605 761 636 824 et
652 747 909 822 irreuooabiliter
924 735 1094 816 tenendas,
1110 715 1336 815 possidendas
1364 713 1398 774 et
1424 705 1476 769 ha·
1559 778 1562 827 1

344 870 489 954 bendas3
505 869 628 935 nullum
632 861 689 948 jus
699 879 757 926 seu
768 853 977 930 dominiuma
985 840 1081 911 modo
1092 842 1123 904 et
1132 818 1343 911 deinceps2in
1353 813 1403 882 eis
1411 811 1482 876 dem
1559 846 1562 905 ἶ

1192 937 1268 1002 dem
1280 917 1473 994 collocando
1561 926 1562 937 ¹

340 1001 401 1069 pro
415 998 450 1047 so
465 969 671 1054 reseruando,
688 968 749 1036 sed
765 963 895 1032 omnino
911 955 1081 1023 admones
1091 961 1190 1010 eorun

1281 1023 1479 1104 confessoris

345 1106 453 1156 coram
469 1083 573 1152 nobis.
587 1080 708 1145 Datum
724 1074 757 1140 in
774 1067 898 1138 octenis
914 1061 990 1131 festi
1006 1053 1100 1124 Beati
1122 1040 1251 1116 Martini

348 1213 435 1263 anno
451 1188 581 1258 Domini
598 1186 648 1252 lin
662 1177 882 1250 ducentesimo
897 1163 1109 1253 nonagesimo
1124 1152 1231 1222 tercio.

348 1392 399 1459 (ΔΙ
412 1392 470 1456 egri
483 1383 674 1454 klptalannck
689 1378 823 1431 idid-ken
842 1376 884 1437 „in
897 1371 941 1422 die
954 1368 1015 1419 festi
1028 1361 1107 1413 Beati
1134 1345 1276 1405 Francisci
1302 1329 1480 1392 consessori?

348 1481 486 1551 „Andreas
503 1476 578 1527 illius
591 1469 703 1536 Georgii
718 1467 771 1532 tilrj
785 1465 890 1516 Andros
916 1459 949 1510 de
961 1453 1042 1508 Beol⁸
1058 1442 1182 1501 kdrdsdre
1195 1438 1307 1491 lriadott
1322 1417 1486 1482 terascea

654 1575 672 1611 a
683 1558 765 1612 budal
777 1557 829 1612 lrir.
842 1551 967 1605 kamarai
979 1533 1170 1601 levdltdrbaa.)

813 1813 1022 1832 ..-...---.-.--ι

901 2275 955 2342 89.

367 2517 397 2583 Α
423 2509 610 2579 korecztcaek
640 2499 828 2587 occoeperat
851 2484 1080 2574 konoeotjdaelc
1105 2467 1390 2560 biaonyodplevele,
1417 2458 1488 2538 Aepy

368 2622 506 2708 Baycrac'
525 2618 618 2686 Poto·
634 2607 776 2678 Boztohc'
792 2603 900 2668 Fmdre
917 2603 1028 2664 comest
1046 2593 1171 2674 Bayao
1185 2589 1268 2646 eccll.
1276 2572 1361 2663 f'o'ld
1371 2563 1487 2646 clideqr

711 2711 854 2779 attentent
871 2707 1030 2772 eltiltotta.
1050 2692 1149 2762 1293.

478 2921 546 2986 Nos
571 2917 756 2983 Casuentus
773 2901 1007 2976 Omciseromm
1032 2895 1156 2961 Domus
1181 2875 1368 2967 Hospitalis
1390 2857 1490 2934 Sancti

370 3029 469 3112 Regis
485 3020 642 3108 Stephani
657 3019 699 3084 de
716 3011 881 3095 Strigonio
896 3007 1013 3072 damus
1023 3019 1081 3087 pro
1092 2989 1268 3072 memoria;
1287 2980 1375 3069 quod
1387 2975 1488 3041 Petrus

371 3138 455 3203 filius
472 3130 603 3199 Andree
618 3125 674 3208 filij
692 3124 783 3188 Yexe
800 3119 841 3184 do
857 3117 973 3198 Bayna
989 3101 1204 3195 personaliter
1220 3093 1264 3161 ad
1280 3093 1425 3157 nostram
1448 3091 1489 3139 ac·

373 3241 492 3308 cedens
509 3232 708 3322 presenciam
725 3226 810 3292 dixit
824 3216 1054 3309 protestando:
1072 3208 1160 3294 quod
1176 3201 1328 3292 prefatus
1355 3186 1489 3258 Andreas

372 3356 465 3438 pater
479 3364 567 3428 suus,
583 3348 615 3408 et
629 3338 715 3404 idem
730 3336 845 3401 Petrus
854 3334 954 3396 antea
963 3325 1029 3390 iam
1039 3318 1157 3385 dudum
1171 3309 1332 3378 Comitem
1343 3295 1488 3369 Andrean

371 3457 472 3522 filium
480 3447 674 3533 Renoldy,et
684 3438 884 3508 Bekefilium
894 3432 1038 3500 eiusdem
1048 3425 1089 3492 de
1100 3417 1280 3495 Boztuh,ab
1292 3403 1453 3495 empcione
1464 3399 1489 3458 tl

374 3557 590 3643 occupatione
609 3559 693 3617 terre
710 3551 827 3634 Bayna
846 3547 970 3624 uocate,
986 3556 1049 3621 que
1064 3539 1154 3600 terra
1167 3527 1229 3594 fnit
1252 3517 1378 3588 domini
1394 3501 1488 3586 Regis,

377 3672 410 3731 ct
424 3663 607 3750 Nycolaum
637 3657 736 3723 lilium
767 3651 938 3737 Phylypus
970 3667 991 3711 a
1020 3638 1216 3708 uendicione
1241 3637 1274 3697 et
1301 3615 1489 3691 alienatione

376 3770 506 3856 publico
520 3763 746 3852 prohibuisset.
764 3762 894 3826 Etcum
911 3773 1009 3838 super
1025 3753 1097 3835 ipsa
1124 3735 1354 3830 prohibicione
1378 3727 1488 3793 nostras

376 3878 501 3944 litteras
516 3891 555 3938 eo
569 3877 714 3954 tempore
730 3866 882 3933 iecissent
914 3857 1078 3940 emanari;
1104 3845 1312 3938 postmodum
1339 3831 1486 3924 predictos

377 3984 494 4050 (lomes
512 3977 672 4062 Andreas,
689 3980 722 4040 et
745 3973 836 4038 Beke
851 3969 935 4034 filius
953 3962 1099 4032 eiusdem
1110 3959 1151 4026 de
1175 3950 1315 4034 Boztuh‚
1351 3947 1435 4030 ipsas
1449 3929 1485 3996 lit·

250 4193 256 4198 ·
377 4098 467 4157 teras
483 4093 613 4153 nostras
639 4077 885 4168 protestatorias
918 4075 952 4139 in
985 4065 1207 4136 destructione
1240 4065 1274 4126 et
1307 4042 1489 4144 spoliaeione

378 4194 555 4264 eorundem
580 4189 709 4258 Andros
734 4193 765 4251 et
789 4182 877 4249 Petri
904 4181 961 4264 filij
989 4179 1039 4247 sui
1065 4178 1150 4242 inter
1179 4169 1265 4236 alias
1291 4183 1345 4230 ros
1372 4147 1487 4224 mobiles

379 4310 410 4368 et
440 4300 608 4366 inmobiles
625 4296 768 4384 ipsorum
784 4288 975 4354 constitutas
991 4281 1211 4367 recepissent;
1230 4282 1265 4340 et
1280 4287 1370 4336 nunc
1385 4251 1489 4348 predic·

381 4416 431 4471 tus
444 4408 554 4471 Petrus
564 4423 621 4490 pro
631 4422 666 4470 se
687 4407 788 4484 etpro
803 4393 1037 4477 Andreapatre
1053 4409 1111 4456 suo
1121 4379 1315 4453 renouando
1326 4377 1426 4462 ipsam
1434 4375 1489 4446 p10·

380 4512 588 4577 testacionem
606 4511 710 4576 denuo
727 4502 849 4569 exstitit
864 4505 1061 4586 protestatus
1072 4485 1329 4561 contradicendo
1362 4461 1489 4568 predictis

380 4613 528 4682 videlicet
545 4615 661 4681 Comiti
676 4608 815 4696 Andreo,
831 4612 863 4671 et
877 4603 967 4669 Bekc
991 4602 1059 4669 filio
1085 4621 1155 4684 stro,
1174 4615 1212 4662 ac
1240 4590 1317 4674 alijs
1342 4585 1412 4662 filiis
1436 4565 1489 4639 suia
