3132 5192
900 329 945 394 80

839 417 1001 428 -ι-ο--η-

357 521 439 606 giuti
456 527 579 606 septem
594 520 711 588 marcis
727 519 909 587 redimendi
924 519 1121 590 acuitatem.
1139 522 1209 590 Hoc
1234 522 1339 590 eciam
1366 522 1479 589 addici·

354 649 437 716 mus,
452 627 538 714 qnod
553 647 653 712 usque
667 636 792 714 tempus
810 627 1045 712 redempcionis
1062 648 1171 696 omnes
1189 627 1314 698 decime
1340 637 1374 696 et
1401 647 1477 695 mar-

352 736 456 804 turine
472 737 614 804 omniurn
631 757 760 805 suorum
776 739 968 822 populorum
985 738 1019 802 in
1044 745 1133 803 terra
1157 737 1307 822 predicta
1332 738 1473 803 residen·

351 844 447 932 cium,
463 865 521 912 seu
536 845 604 911 alia
619 843 727 922 debita
751 850 782 910 et
806 844 956 928 seruicia,
981 842 1025 909 ad
1041 845 1093 910 ius
1120 842 1258 927 predicti
1283 844 1375 910 Petri
1400 844 1476 909 inte·
1555 831 1557 890 ἶ

350 952 485 1035 graliter
501 952 642 1018 debeant
657 951 826 1036 pertinere.
843 949 987 1028 Quarum
1012 956 1170 1016 terrarum
1199 951 1233 1016 in
1258 949 1401 1034 pignore
1428 951 1476 1016 ob·

349 1059 532 1145 ligatorum,
549 1057 633 1125 sicut
647 1077 706 1141 per
720 1057 853 1123 fratrem
876 1055 1050 1140 Rogerium
1077 1056 1308 1140 Preceptorem
1335 1063 1477 1123 nostrum

350 1165 390 1232 de
406 1163 609 1250 Glogonicha
624 1165 744 1246 fuimus
760 1163 938 1245 certificati,
956 1163 1111 1247 quemad
1136 1164 1242 1247 ipsam
1268 1171 1393 1229 terram
1418 1171 1472 1228 sta·

346 1271 503 1336 tuendum
519 1270 622 1337 eidem
647 1270 741 1337 Petro
766 1279 798 1337 et
828 1271 887 1355 per
911 1278 1013 1336 metas
1039 1269 1235 1354 signandam
1262 1271 1474 1336 miseramus:

347 1378 455 1442 Prima
469 1385 556 1444 meta
570 1377 685 1464 incipit
701 1397 721 1442 a
737 1377 844 1462 capite
859 1375 952 1462 fluuij
972 1379 1126 1462 Gragina,
1154 1385 1185 1443 et
1201 1375 1290 1441 infra
1317 1396 1470 1460 magnam

1554 1107 1557 1168 l

346 1483 475 1550 vineam
491 1483 611 1550 Domus
630 1489 737 1550 nostre
753 1481 795 1550 ad
811 1483 1015 1551 occidentem
1025 1483 1129 1550 eundo
1143 1482 1286 1550 uenitad
1297 1485 1468 1564 semitam3
1555 1557 1557 1584 i

345 1609 515 1674 perquam
531 1592 679 1658 semitam
696 1611 752 1676 per
767 1599 919 1676 montem,
936 1591 1025 1674 quod
1040 1591 1138 1657 berch
1164 1590 1293 1672 dicitur,
1311 1588 1358 1656 ad
1387 1591 1474 1654 meri-

345 1697 430 1764 diem
446 1697 607 1766 tendendo
622 1697 771 1783 peruenit
786 1695 828 1762 ad
845 1699 991 1764 arborem
1017 1702 1078 1785 byn·
1105 1719 1198 1764 cruce
1224 1698 1398 1782 signatam
1412 1723 1419 1782 3
1448 1703 1476 1760 et

343 1825 402 1890 per
418 1807 554 1872 eandem
571 1803 719 1884 semitam
735 1803 825 1870 iuxta
840 1811 959 1870 terram
975 1813 1118 1872 nostram
1136 1803 1295 1870 Zelnicba
1322 1809 1471 1870 uocatam

319 1964 322 1972 .
343 1912 433 1978 uenit
448 1913 492 1979 ad
516 1931 681 1994 cerasum;
706 1909 826 1978 exinde
854 1931 913 1996 per
937 1913 1075 1978 eandem
1101 1912 1252 1978 semitam
1280 1931 1343 1996 per
1368 1912 1471 1994 ipsum

343 2019 441 2084 berch
458 2019 604 2103 peruenit
615 2019 657 2084 ad
669 2019 815 2084 arborem
826 2022 962 2084 bor-occia
977 2039 1073 2086 cruce
1083 2020 1260 2102 signatam,
1272 2016 1330 2082 ubi
1348 2036 1372 2080 a
1386 2021 1471 2080 terra

342 2123 497 2189 Zelnicba
512 2131 695 2208 separatnr;
713 2125 832 2190 abhinc
848 2125 940 2192 iuxta
956 2124 1055 2191 aliam
1071 2131 1191 2190 terram
1207 2123 1336 2190 Domus
1364 2128 1470 2188 nostre

316 2229 450 2321 ⁸adhuc
466 2251 524 2314 per
548 2230 685 2296 eandem
710 2231 858 2298 semitam
883 2231 997 2314 tendit,
1024 2237 1056 2297 et
1081 2251 1139 2315 per·
1161 2231 1299 2314 aliquod
1324 2215 1470 2316 spacium

342 2336 504 2402 tendendo
521 2343 690 2420 separatur
706 2357 726 2402 a
742 2346 828 2404 terra
853 2339 940 2404 Butk
965 2337 1151 2422 prenotati;
1181 2335 1298 2404 exinde
1323 2335 1470 2423 peruenit

342 2440 386 2507 ad
400 2441 496 2526 uiam,
514 2462 570 2528 per
585 2462 682 2526 quam
699 2444 786 2510 uiam
801 2443 909 2510 adbuc
926 2444 1139 2528 pereundam
1156 2443 1257 2510 hereb
1283 2443 1396 2510 eundo
1421 2463 1469 2509 sa·

339 2549 382 2614 tis
396 2569 454 2634 per
470 2543 621 2633 magnum
637 2551 782 2635 spacium
798 2549 888 2615 uenit
903 2550 947 2615 ad
972 2570 1125 2634 magnam
1152 2549 1248 2633 niam,
1274 2568 1342 2631 que
1369 2549 1469 2617 tendit

341 2673 454 2723 uersus
471 2655 581 2722 uillam
601 2655 815 2740 Grisiensem3
833 2677 889 2741 per
906 2677 1002 2740 quam
1018 2659 1106 2723 uiam
1132 2655 1269 2724 diuertit
1295 2656 1341 2722 ad
1367 2657 1467 2723 orien-

338 2763 414 2842 tem,
429 2767 462 2826 et
477 2758 562 2828 cadit
578 2762 611 2825 in
629 2760 760 2826 fluuium
778 2759 932 2845 Gragena
948 2768 1172 2846 memoratum,
1189 2760 1245 2827 ubi
1263 2767 1352 2828 terre
1377 2763 1483 2829 ioba·.

336 2863 467 2950 gionum
484 2865 591 2933 Castri
606 2866 777 2934 Crisiensis
794 2875 1026 2952 commetatur;
1044 2889 1102 2954 per
1127 2888 1223 2952 quem
1250 2869 1393 2936 fluuium
1419 2887 1466 2934 su·

336 2971 445 3055 perins
460 2973 504 3040 ad
521 2973 782 3059 septemtrionem
797 2976 889 3044 iuxta
905 2981 1023 3042 terram
1049 2975 1227 3042 eorundem
1252 2975 1465 3059 iobagionum
1555 2963 1557 3026 ί

336 3077 442 3145 Castri
457 3080 605 3165 peruenit
620 3080 663 3146 ad
688 3082 833 3148 arborem
861 3084 933 3167 piri,
960 3083 1015 3149 ubi
1044 3089 1128 3150 terre
1154 3081 1465 3168 emptioieeinsdem
1555 3093 1557 3174 ρ

333 3184 421 3251 Petri
438 3185 607 3272 uicinatur,
623 3207 719 3270 quam
736 3210 757 3254 a
774 3189 869 3256 Petro
884 3189 952 3256 filio
969 3191 1085 3275 Zulga‚
1104 3197 1136 3254 et
1152 3187 1465 3283 Nicolaofiliodone
1556 3255 1557 3264 ,

333 3295 365 3356 et
381 3289 448 3356 suis
463 3292 619 3377 proximis
635 3295 801 3380 empcione
816 3297 1033 3382 comparauit3
1052 3301 1084 3361 et
1110 3297 1203 3362 iuxta
1228 3296 1374 3364 eandem
1402 3304 1461 3363 ter·

331 3413 400 3462 ram
416 3397 625 3480 pereundam
650 3399 782 3467 fluuium
811 3403 962 3488 Gragena
984 3403 1136 3486 peruenit
1161 3402 1206 3468 ad
1232 3409 1334 3489 caput
1359 3405 1463 3490 ipsius
1555 3427 1557 3502 g

331 3501 435 3586 fluuii,
452 3503 507 3567 ubi
525 3511 574 3570 est
589 3511 675 3572 meta
692 3525 827 3589 egressa
843 3527 900 3574 seu
915 3509 1054 3594 incepta.
1073 3510 1110 3574 In
1127 3509 1218 3576 ouius
1235 3511 1285 3575 rei
1295 3509 1461 3578 certitudi·
1556 3505 1557 3554 ἒ

331 3625 404 3672 nem
419 3617 587 3691 presentes
610 3610 735 3678 litteras
763 3614 937 3682 munimine
961 3617 1065 3682 nostri
1090 3615 1192 3699 sigilli
1218 3616 1359 3685 fecimus
1386 3615 1459 3683 insi·
1555 3625 1557 3688 l

331 3710 425 3794 gniri.
442 3712 562 3779 Datum
579 3714 612 3780 in
629 3717 799 3800 quindenis
815 3719 1043 3806 Apostolorum
1059 3722 1152 3789 Petri
1168 3729 1202 3786 ct
1216 3723 1317 3789 Pauli
1329 3725 1366 3789 in
1387 3722 1461 3788 ciui·
1556 3719 1557 3800 ᾗ

329 3823 397 3884 tate
411 3817 624 3901 Zagrabiensi
637 3841 723 3889 anno
739 3825 870 3892 Domini
886 3825 997 3892 M⁰CO⁰
1013 3827 1227 3911 nonagesimo
1244 3829 1403 3898 seeundo.

328 4013 464 4078 OEredetie
476 4012 650 4084 bbrhairtydn‚
665 4019 778 4084 melyrb'l
790 4035 807 4069 a
820 4023 948 4072 csaknem
961 4020 1077 4086 egdsnen
1090 4021 1124 4089 ὁρ
1137 4022 1232 4088 penset
1246 4025 1446 4078 kendarsonalo
1555 4005 1557 4054 s

550 4109 604 4158 lron
617 4109 684 4173 ldgg
698 4127 704 4170 ς
718 4124 735 4160 a
747 4111 828 4162 budai
841 4112 892 4163 kir.
906 4111 1028 4164 kamarai
1042 4110 1235 4180 leveltarban.)
