3234 5194
599 337 759 435 „¹⁷-

98 526 209 592 tercio
240 546 346 592 nouas
363 526 690 612 Junijslndicoione
722 535 856 616 quarta,
874 531 978 614 Regni
1004 541 1111 600 autem
1138 538 1242 604 nostri

1 644 2 655 ¹
99 651 196 700 anno
212 636 332 720 primo.

100 817 249 880 (Eredetie
265 813 434 882 bdrhdrtyan
448 815 695 882 elegaviolasmnt
708 818 940 904 solyemasindron
953 823 1038 888 fflggli
1052 822 1146 888 pecsdt
1158 824 1240 886 alata

418 921 435 956 a
446 906 527 956 budai
540 906 593 956 kir.
608 907 730 958 kamarai
744 905 935 976 levdltdrban.)

576 1197 630 1202 -..
648 1195 785 1204 .-.-....—..

645 1719 700 1789 la.

102 1923 173 1989 III.
190 1895 303 1987 Eaadre
328 1920 500 2006 klr’dlyaclo
525 1919 644 1986 dedr
669 1921 832 1985 birtokdra
858 1920 1026 1986 acautkozd
1052 1921 1183 1987 iltctdaa'
1210 1925 1241 1987 e'a

221 2029 425 2112 hatdrjdrdai
438 2051 604 2114 permacra
622 2027 725 2114 Botya
741 2049 838 2093 eomes
853 2033 1014 2094 eadmero·
1031 2029 1129 2093 1291.

200 2224 349 2290 Andreas
382 2223 444 2289 Dei
469 2221 580 2306 gracia
605 2224 673 2290 Res
703 2223 875 2308 Hungarie,
893 2221 1073 2308 Dalmacie,
1089 2222 1235 2308 Croacie‚

105 2341 174 2398 etc.
201 2330 350 2398 fidelihus
385 2331 453 2398 suis
487 2328 637 2414 Capitulo
668 2329 817 2397 Rcclesic
842 2330 1010 2414 Agriensis
1044 2332 1239 2397 salutemet

105 2441 267 2522 graciam.
284 2439 372 2504 Dicit
387 2440 479 2506 nobis
495 2439 610 2506 Comes
625 2438 716 2504 Batia
733 2442 872 2521 Magnus
887 2437 972 2504 filius
983 2439 1125 2525 Markus,
1144 2437 1232 2522 quod

1 2620 2 2633 χ
106 2546 331 2614 mediantibus
347 2545 465 2612 litteris
482 2546 623 2630 Capituli
647 2547 847 2632 Vaohycnsis
863 2566 936 2613 cum
966 2546 1101 2613 Nicolao
1117 2552 1150 2611 et
1181 2545 1240 2631 Sy·
1255 2629 1259 2638 .

1 2677 2 2684 ¹
108 2673 208 2719 mone
224 2654 301 2738 filijs
317 2655 471 2738 Symonis
487 2655 558 2740 pari
574 2662 649 2722 uoto
666 2661 698 2720 et
714 2655 873 2721 communi
900 2653 1067 2719 voluntate
1093 2653 1177 2717 inter
1203 2673 1240 2720 se
1299 2699 1304 2706 -

112 2761 181 2828 tale
198 2761 353 2828 fecissent
368 2761 591 2829 concambium
609 2785 617 2825 :
634 2761 720 2844 quud
735 2761 821 2826 idem
838 2759 995 2827 Nicolaus
1013 2765 1045 2825 ct
1070 2759 1191 2845 Symon
1207 2758 1243 2824 fi-

110 2869 146 2954 lij
165 2869 318 2956 Symonis
342 2871 505 2955 quandam
530 2873 768 2957 possessionem
795 2890 907 2937 eorum
935 2871 1058 2936 Gumut
1083 2875 1241 2956 vocatam,

111 2975 191 3044 olim
206 2997 266 3064 per
281 2976 443 3044 dominum
468 2977 668 3064 Stephanum
689 2979 810 3063 Regem
823 2977 912 3045 clare
925 2973 1169 3044 recordacionis
1181 2995 1241 3060 pro

111 3093 219 3154 morte
234 3086 311 3154 dicti
327 3086 477 3173 Symonis
493 3079 627 3155 Comitis
644 3089 747 3173 patris
763 3088 905 3174 ipsorum
924 3083 1077 3152 traditam
1094 3093 1127 3150 et
1143 3082 1241 3150 dona-

112 3200 193 3276 tam,
211 3215 282 3262 cum
310 3195 457 3262 omnibus
483 3195 674 3262 utilitatibus
703 3202 735 3262 et
760 3193 972 3280 pertinencijs
997 3191 1159 3258 uniuersis
1186 3209 1243 3276 per

113 3303 245 3370 modum
260 3303 455 3390 concambii,
473 3323 533 3372 nco
564 3324 628 3370 non
654 3324 727 3370 cum
758 3303 864 3369 tribus
895 3300 1090 3368 vinitoribus
1123 3317 1244 3380 eorum,

114 3409 243 3478 duobus
258 3409 413 3478 videlicet
436 3411 514 3497 filijs
542 3411 674 3498 Bodow‚
701 3417 733 3477 et
757 3412 823 3478 lilio
849 3410 937 3476 Petri
964 3409 1024 3493 filij
1052 3407 1246 3493 Mychaelis,

112 3516 219 3584 eidem
235 3517 352 3586 Comiti
368 3518 461 3585 Batia
477 3527 510 3586 ct
524 3519 701 3586 heredibus
717 3538 824 3586 eorum
842 3514 926 3606 (lgy)
939 3513 1157 3598 heredumque
1169 3532 1244 3580 suo-

113 3645 187 3692 rum
211 3626 452 3693 successoribus
488 3626 699 3694 tradidissent
731 3631 887 3712 perpetuo
922 3633 953 3691 et
985 3621 1243 3690 irrcuocabiliter

1 3820 2 3826 ἵ
113 3732 396 3818 possidendam.R
421 3754 577 3804 conuerso
605 3735 691 3801 idem
717 3734 832 3801 Comes
857 3733 950 3799 Batia
977 3732 1127 3801 Castrum
1151 3749 1245 3798 suum

1 3849 2 3858 ’
114 3842 242 3928 Zeules,
260 3862 281 3906 a
297 3842 427 3910 domino
443 3843 602 3910 Ladizlao
614 3842 736 3910 illustri
751 3845 839 3926 Rege
850 3842 1018 3926 Hungaric
1028 3836 1247 3926 piememoric

113 3949 177 4016 sibi
192 3949 349 4016 traditum
366 3955 398 4017 et
414 3949 580 4035 donatum,
598 3970 669 4018 oum
687 3952 837 4017 omnibus
853 3949 948 4016 terris
970 3955 1002 4014 et
1028 3945 1244 4032 possessioni-

13 4119 15 4127 .
113 4055 176 4122 bus
192 4076 251 4122 seu
266 4057 463 4125 utilitatibus
480 4057 642 4125 uniuersis
657 4057 816 4142 adipsum
832 4054 981 4124 Castrum
997 4052 1248 4140 pcrtinentibus,

115 4163 389 4245 quemadmodum
406 4166 440 4232 in
455 4166 575 4234 litteris
599 4167 742 4250 Capituli
759 4166 902 4232 Ecclesia
926 4163 1129 4248 Vaohycnsis
1157 4179 1244 4245 repe·

1 4345 2 4366 ξ
114 4269 279 4340 riebamus
295 4274 425 4358 plenius
442 4274 611 4361 contineri,
623 4281 735 4360 potens
746 4263 804 4341 nos
821 4293 893 4340 cum
910 4270 1082 4350 instancia,
1098 4275 1133 4337 vt
1149 4266 1246 4335 medi-

1 4404 2 4450 }
114 4389 194 4448 ante
210 4389 322 4448 nostro
339 4389 371 4448 et
397 4391 506 4449 vestro
534 4382 716 4450 hominibus
742 4381 879 4450 eundem
906 4378 1061 4446 Comitem
1087 4375 1179 4441 Batia
1206 4372 1248 4440 ad

1 4483 2 4486 ’
114 4489 235 4554 dictam
253 4491 490 4575 possessionem
509 4490 632 4557 Cumur
648 4498 792 4558 statuere
808 4490 1025 4574 dignaremur.
1042 4485 1143 4570 Igitur
1174 4481 1247 4549 fide·

114 4602 199 4666 litati
222 4600 342 4667 Vestro
358 4598 493 4664 firmiter
508 4597 716 4684 precipiendo
735 4598 936 4676 mandamus,
964 4603 1123 4680 quatenus
1152 4613 1247 4658 uinum

159 4737 264 4776 nouum.
280 4735 362 4770 nuuc.
379 4734 449 4773 mar.
463 4745 506 4756 -
523 4735 632 4772 menon.
658 4729 694 4774 tt.
1069 4711 1088 4774 2
