3180 5202
500 383 660 480 ἕξ-

1 589 52 662 joe,
69 585 104 642 et
120 577 279 644 Nicolaus
295 576 381 642 tilius
399 574 545 662 Chepani
562 595 620 662 pro
636 595 682 662 sc,
701 576 824 664 Moyse,
842 577 1007 646 Demetrio
1040 577 1139 648 fratrc
1235 608 1240 616 ·

1 701 76 771 Nono,
94 689 132 749 ct
146 705 208 769 pro
224 683 383 768 Magistro
398 681 494 750 Petro
512 683 554 750 de
570 683 734 750 Themerd
750 684 792 751 ab
809 687 913 779 altera
928 705 1035 753 coram
1051 689 1166 756 uobis·

1 791 234 878 personaliter
249 790 424 875 constituti,
440 810 538 876 snper
553 801 655 858 morte
670 792 794 859 Vrbani
804 791 845 859 de
856 793 970 878 Heghe
980 815 1037 879 per
1048 799 1146 864 arbit-

1 895 88 989 }ricm
104 898 286 982 proborum
296 897 437 964 uirorum
447 897 558 963 taliter
568 917 604 964 sc
614 895 765 964 dixerunt
776 893 999 968 concordasse:
1012 907 1046 968 ut
1057 902 1144 969 idem

1 1061 3 1106 ᾗ
38 1023 146 1072 smas
166 1024 226 1090 pro
241 1012 344 1072 morte
360 1005 463 1089 ipsius
497 1005 619 1070 Vrbani
646 1003 768 1071 eisdem
793 1005 940 1094 Nicolao,
964 1009 1142 1096 Demetrio,

0 1146 18 1171 ι,
44 1140 50 1169 ι
56 1131 125 1195 ysa
142 1119 178 1176 et
186 1111 442 1195 MagistroPctro
452 1111 680 1197 assumpsisset
690 1131 727 1178 se
738 1111 864 1178 soluere
874 1112 992 1199 uiginti
1002 1117 1147 1200 quinque

26 1237 135 1284 arcas
153 1219 190 1284 in
205 1227 345 1302 quatuor
360 1219 507 1286 terminis
523 1217 752 1304 infrascriptis,
770 1218 888 1303 partim
904 1220 938 1286 in
963 1221 1142 1288 estimacio-

0 1315 48 1392 ne
64 1327 247 1412 condigna,
263 1327 473 1412 pertimuere
490 1327 523 1392 in
540 1325 684 1410 denarijs
701 1345 759 1410 pro
776 1326 1145 1416 temporeJauriniicur-

1 1421 160 1502 'mutibus
178 1455 285 1501 coram
302 1434 454 1518 Capitclo
472 1434 645 1502 lauriensi.
661 1431 801 1499 Primam
829 1433 1027 1500 solucionem
1060 1433 1151 1501 scili-

8 1549 59 1614 eet
75 1541 228 1626 quinque
251 1561 378 1608 marcas
395 1541 429 1606 in
445 1539 499 1607 clio
513 1541 616 1608 Beate
641 1539 823 1624 Margaretc
854 1539 1000 1624 Virginis
1016 1542 1140 1626 persol-

11 1655 63 1716 uet
87 1647 249 1714 iudicium
265 1647 461 1733 incursurus,
476 1648 504 1715 si
522 1645 609 1714 diem
626 1645 792 1714 obmiserit
817 1647 852 1712 in
884 1647 1061 1725 soluend0;
1093 1666 1142 1715 sc-

10 1753 152 1832 *undum
179 1774 255 1822 vcro
286 1753 413 1822 scilieet
444 1753 593 1822 similiter
624 1753 765 1837 quinque
796 1774 925 1822 marcas
958 1757 992 1821 in
1023 1755 1167 1822 octonis..

16 1890 44 1919 »ε
62 1862 122 1928 eti
138 1862 239 1946 Regis
254 1861 380 1929 soluere
395 1868 550 1929 teneatur
566 1879 683 1945 penam
701 1860 792 1946 dupli
802 1862 1000 1942 incursurus,
1016 1861 1045 1929 si
1055 1861 1141 1930 diem

14 1967 182 2036 obmiserit
196 1965 230 2034 in
246 1966 431 2045 solucione;
449 1967 582 2033 terciam
597 1973 706 2032 autem
722 1967 923 2034 solucionem
948 1966 1072 2034 scilicet
1102 1967 1145 2034 si-

4 2102 8 2115 2
24 2075 134 2144 iliter
151 2077 292 2162 quinquo
308 2095 435 2142 marces
452 2073 484 2140 in
502 2073 554 2140 dic
579 2072 691 2140 Sancti
714 2075 845 2142 Martini
872 2074 1034 2160 persoluat
1066 2073 1150 2140 iudi-

1 2183 95 2249 cium
111 2183 303 2250 incursurus
319 2181 347 2249 si
364 2182 450 2248 diem
471 2181 636 2249 obmiscrit
651 2182 684 2246 in
711 2181 889 2270 soluend03
904 2203 925 2250 a
940 2182 1072 2250 residuo
1088 2201 1145 2247 au-

17 2295 77 2356 tem
93 2290 315 2378 predictarum
331 2289 449 2372 viginti
465 2291 607 2375 quinque
631 2307 810 2356 marcorum
827 2287 912 2379 idem
929 2287 1064 2356 Cosmus
1079 2286 1163 2373 ple--

18 2397 104 2464 narie
123 2417 161 2464 se
177 2397 331 2483 expedire
348 2396 509 2464 tenebitur
524 2397 558 2463 in
575 2396 700 2463 octonis
716 2396 902 2483 Epiphanio
918 2395 1057 2480 Domini,
1087 2415 1142 2480 pe·

2 2488 4 2493 ’
20 2521 88 2570 num
105 2504 212 2570 tocius
237 2502 401 2587 homicidij
434 2503 582 2572 incursus
607 2505 635 2570 si
666 2510 799 2570 octonas
830 2503 934 2591 ipsius
964 2501 1149 2590 Epiphanio
1207 2483 1211 2498 ’

1 2609 148 2678 'Domini
167 2609 333 2678 obmiserit
348 2612 382 2679 in
398 2611 566 2679 soluendo.
583 2611 689 2680 Facta
719 2619 828 2708 autem
860 2613 948 2679 finali
979 2612 1147 2679 solucione
1165 2657 1166 2661 η

1 2738 2 2806 j
19 2717 119 2786 dietus
135 2717 273 2785 Cosmus
289 2719 331 2785 de
347 2719 428 2786 villa
442 2719 558 2802 Heghe
575 2739 646 2786 cum
663 2715 762 2786 fundo
778 2719 867 2787 curie
894 2738 952 2786 sue
983 2718 1080 2786 debet
1110 2735 1147 2784 se

1 2823 189 2892 rtronsl'erre
206 2825 249 2891 cd
264 2825 364 2892 alium
381 2827 494 2912 locum,
506 2827 631 2894 scilicet
646 2825 689 2891 ud
704 2826 859 2909 angulum
886 2823 1030 2892 eiusdem
1060 2832 1146 2892 terre

20 2928 131 3014 Heghc
148 2932 183 2998 in
201 2951 329 3002 earcere
346 2933 448 2999 eciam
464 2953 521 3018 per
549 2933 784 3017 quinquaginta
816 2931 886 3000 dies
902 2951 1144 3018 permansurus,

1 3031 177 3116 'inconndo
193 3041 227 3106 in
245 3039 298 3106 die
314 3060 373 3125 per
404 3039 588 3126 Capitulum
619 3049 824 3127 prenotatum
857 3042 1034 3124 assignato.
1064 3040 1142 3107 Post

1 3119 73 3213 'lucc
88 3125 202 3213 autem
218 3146 383 3232 Nicolaus‚
411 3146 538 3234 Moyse,
568 3147 755 3216 Demetrius
787 3155 819 3214 et
848 3147 1003 3232 Magister
1033 3147 1147 3215 Petrus

20 3255 119 3322 cidem
137 3255 253 3323 Cosmc
278 3255 403 3323 litteras
437 3255 656 3341 expeditorias
688 3255 830 3343 Capitoli
862 3255 1019 3325 antedicti
1050 3273 1147 3340 super

24 3363 180 3448 premisso
197 3363 283 3429 lucto
300 3363 379 3428 dare
395 3363 609 3448 tenebuntur3
627 3363 829 3448 obligacione
844 3365 916 3450 tali,
935 3360 1021 3446 qnod
1035 3361 1147 3445 siquis

19 3471 153 3537 fratrum
169 3477 271 3537 morte
286 3471 423 3556 predicti
450 3470 574 3536 Vrbani
606 3489 759 3554 processu
790 3469 945 3554 temporis
976 3469 1145 3536 materiam

19 3584 162 3646 moueret
177 3579 368 3663 questionis,
386 3578 487 3664 ijdem
502 3579 669 3662 Nicolaus,
686 3578 810 3666 Moyse,
827 3575 1013 3644 Demetrius
1030 3585 1062 3642 et
1077 3575 1143 3643 lla·

18 3687 115 3766 gistcr
130 3683 244 3753 Petrus
260 3686 367 3768 ipsum
386 3681 537 3752 Gosmam
554 3685 695 3770 propriis
719 3685 887 3751 laboribus
919 3691 952 3749 et
991 3684 1163 3766 expensis·

21 3791 174 3882 expedire
189 3793 397 3861 tenebuntur.
415 3792 535 3858 Datum
552 3791 585 3857 in
600 3791 707 3858 Bobut
722 3792 756 3856 in
773 3791 887 3875 uigilia
897 3789 1008 3856 Sancti
1024 3787 1144 3854 Johan·

19 3897 64 3962 uis
79 3898 238 3982 Baptiste.
691 3984 693 3990 Ι

0 4075 1 4078 Ἴ
123 4003 337 4070 Kivillrbl
362 4023 633 4091 ugyanazcn
657 4003 957 4087 lezzelzsoper
982 4001 1146 4067 solucione

1 4089 2 4181 l
20 4109 129 4192 uiginti
146 4108 290 4194 quinque
307 4130 489 4178 marcorum
507 4117 619 4178 contra
636 4110 786 4176 Cosmum
802 4107 843 4174 de
858 4108 974 4192 Hegbe
999 4128 1058 4194 pro
1089 4107 1163 4173 Ni·-

1 4256 2 4277 r
22 4219 108 4284 colao
125 4225 158 4282 et
176 4217 264 4300 aliJ's.

22 4373 152 4440 (Eredetie
164 4375 340 4444 bbrhlrtyam
355 4380 467 4444 melyrb'l
480 4395 498 4430 a
510 4376 648 4445 alrpecsbt
661 4374 719 4429 mulr
732 4376 875 4440 lohullott;
889 4390 1003 4429 anema.
1018 4389 1155 4427 museum·

473 4462 662 4519 levbltlriban
672 4465 681 4532 )

477 4645 689 4656 ..m-...m
