3124 5194
579 365 739 466 ‘ace-

80 579 152 644 per
181 559 302 626 dietum
333 521 469 627 Paulum
496 560 612 628 habita
637 561 842 646 dignoscitur
865 561 967 630 luisse
992 570 1024 629 et
1055 582 1219 652 possessa,

80 687 164 732 cum
181 668 378 734 utilitatibus
395 673 426 734 ct
436 669 646 753 pertinencijs
664 671 731 736 suis
750 670 920 756 uniuersis,
943 671 1049 738 eidem
1064 673 1170 757 Petro,
1188 683 1220 738 et

80 795 148 858 per
158 797 229 842 cnm
240 777 309 842 suls
319 775 492 844 heredibus
503 777 725 862 heredumque
735 799 866 844 suorum
878 778 1119 846 successoribus
1130 779 1220 846 dedi-

79 904 171 970 mus,
187 885 383 952 donaoimns
398 893 430 952 et
441 887 635 954 contulimus
651 886 720 952 iure
736 893 892 972 perpetuo
909 893 941 951 el
957 886 1218 954 irrcuoeabiliter

77 995 224 1078 pacifice
249 993 493 1081 possidendam,
517 995 702 1082 tenendam,
714 995 833 1078 pariter
851 1001 882 1060 et
892 993 1076 1060 habendam
1099 998 1221 1080 ipsum·

80 1123 153 1184 qne
168 1104 299 1169 Petrum
317 1105 349 1168 ln
367 1101 606 1186 possessionem
618 1103 748 1186 plenam
765 1102 965 1186 etintegram
983 1100 1129 1170 eiusdem
1140 1103 1220 1170 ville

79 1209 273 1278 Okolichna
290 1213 452 1276 nominate
472 1231 527 1296 per
552 1211 742 1294 Magistrum
769 1211 966 1276 Demetrium
996 1211 1153 1280 Comitem
1179 1212 1220 1279 de

78 1315 200 1384 Zolom
232 1315 386 1386 dilectum
402 1324 435 1383 et
449 1317 582 1384 fidelum
598 1325 741 1384 nostrum
759 1319 818 1383 sub
839 1317 1025 1384 testimonio
1049 1321 1219 1387 venerabi-

78 1424 125 1491 lis
144 1423 288 1510 Capituli
303 1424 535 1510 Strigoniensis
552 1433 585 1492 et
601 1425 705 1492 eciam
716 1426 905 1494 Conuentus
920 1425 962 1494 de
977 1425 1132 1495 Thuruch
1142 1427 1218 1494 fide·

79 1533 164 1598 lium
180 1541 372 1619 nostrorum,
390 1535 434 1601 ad
457 1535 637 1602 uberiorem
663 1534 824 1618 cautelcn,
851 1535 1068 1602 mediantibus
1094 1537 1217 1604 nostris

78 1640 279 1727 homiuibus,
297 1640 450 1710 videlicet
466 1643 589 1710 Gemite
606 1641 715 1709 lllikos
732 1649 765 1708 et
790 1642 1019 1709 Bartholomeo
1044 1642 1085 1708 de
1110 1643 1216 1729 Lypto

80 1769 143 1834 per
157 1771 218 1816 nos
234 1751 276 1816 ad
295 1753 355 1818 hoc
372 1751 560 1838 specialiter
576 1751 748 1836 deputatis,
768 1749 902 1818 fecimus
929 1752 1098 1838 introduci,
1124 1753 1215 1819 nullo

84 1861 219 1943 penitus
237 1860 472 1928 contradictore
489 1861 658 1945 existente,
677 1867 771 1945 prout
787 1862 821 1925 in
839 1859 956 1927 litteris
966 1860 1141 1928 eorundem
1150 1861 1216 1928 Ma·

82 1969 179 2051 gistri
196 1969 365 2054 Demetrij‚
384 1970 526 2056 Capituli
542 1975 575 2034 st
591 1969 775 2035 Conuentns
791 1967 929 2035 vidimus
946 1971 1114 2036 contineri.
1132 1971 1215 2036 Mete

83 2084 197 2142 antem
213 2078 318 2161 ipsius
334 2079 551 2163 possessionis
569 2097 627 2144 seu
642 2077 720 2143 ville
738 2077 935 2162 Okoliohua,
951 2079 1035 2144 siout
1051 2077 1084 2143 in
1094 2077 1215 2144 litteris

83 2184 303 2268 predictorum
320 2186 469 2268 Magistri
486 2185 652 2270 Demetrij,
670 2186 812 2269 Capituli
830 2193 862 2252 et
878 2185 1065 2252 conuentus
1090 2187 1217 2270 plenius

85 2293 278 2378 continetur,
295 2292 357 2358 hoc
373 2293 487 2359 ordine
506 2292 747 2386 distinguntur:
762 2293 869 2359 Prima
886 2302 974 2359 meta
989 2292 1104 2378 incipit
1120 2293 1160 2359 de
1170 2293 1217 2360 al·

85 2399 183 2481 pibus
199 2421 220 2464 a
236 2406 328 2484 parte
343 2401 515 2485 Dunajech
532 2401 745 2467 existentibus
763 2401 805 2466 ab
819 2401 980 2488 aquilone,
997 2407 1029 2468 et
1053 2401 1212 2487 incipiens

84 2506 166 2572 inibi
193 2528 373 2593 perunum
401 2509 502 2594 potolr
524 2509 742 2575 Reuencbnizi
767 2517 930 2596 vocatum,
958 2511 1127 2576 descendit
1157 2529 1216 2594 per

85 2615 219 2697 longum
237 2619 382 2702 spacium
399 2620 487 2683 circa
503 2624 534 2682 et
550 2637 651 2701 usquo
668 2617 709 2682 ad
736 2617 971 2685 instruociones
996 2627 1154 2686 metarum
1180 2617 1212 2682 fi-

84 2722 200 2788 liorum
217 2725 353 2807 Detrici,
372 2734 404 2791 et
420 2724 537 2791 deinde
553 2726 651 2792 currit
666 2727 709 2792 ad
727 2725 819 2792 illum
835 2747 935 2809 usque
951 2729 1066 2810 locum,
1084 2728 1137 2792 vbi
1163 2747 1215 2792 ca·

86 2831 132 2896 dit
148 2833 240 2898 aliud
257 2833 356 2918 potok
373 2835 406 2899 in
423 2835 529 2919 ipsum
544 2835 683 2901 rinulum
700 2837 861 2902 Reuenize
878 2842 1028 2902 vocatum
1045 2858 1053 2920 ;
1069 2841 1101 2900 et
1125 2840 1214 2920 post·

85 2939 147 3005 bac
171 2943 352 3026 peripsum
370 2943 461 3009 aliud
487 2944 589 3029 potok
618 2945 763 3010 ascendit
789 2945 937 3031 superius
969 2943 1076 3011 adhuc
1103 2962 1213 3009 versus

86 3048 274 3130 aquilonem
302 3071 363 3116 non
384 3052 491 3139 nimis,
517 3053 557 3117 dc
574 3073 638 3134 quo
654 3053 755 3139 potok
782 3051 921 3118 exiendo
950 3050 1038 3117 cadit
1064 3052 1098 3115 in
1125 3049 1216 3116 aliud

85 3157 252 3242 quoddam
268 3161 368 3246 potolr
385 3159 483 3228 fontis
499 3181 610 3226 versus
627 3160 837 3242 occidentem,
855 3160 888 3226 in
914 3179 977 3243 quo
1002 3159 1133 3242 quidem
1160 3179 1218 3244 po·

85 3267 140 3333 tok
156 3266 306 3333 ascendit
321 3270 470 3354 superius
488 3291 590 3351 usque
615 3267 692 3334 dum
725 3270 874 3372 peruenit
902 3268 961 3336 sub
988 3289 1086 3334 vnum
1111 3267 1216 3339 wrchs

85 3378 145 3442 snb
162 3395 229 3459 quo
246 3377 312 3442 exit
328 3377 368 3442 de
385 3379 498 3444 eodem
514 3378 616 3463 potok
633 3385 666 3443 et
681 3375 780 3444 currit
796 3377 882 3444 vltra
897 3397 1008 3444 versus
1025 3374 1215 3460 meridiem,

86 3495 118 3553 et
134 3467 253 3570 postea
269 3487 416 3552 ascendit
432 3485 465 3553 in
481 3487 586 3572 ipsum
604 3487 700 3570 wrcb,
719 3487 753 3550 in
770 3505 833 3568 quo
850 3484 952 3549 tendit
969 3503 1071 3567 usque
1096 3483 1139 3550 ad
1165 3505 1215 3550 ar-

86 3597 195 3663 borem
211 3598 313 3680 smrk,
333 3614 511 3681 superque
527 3603 576 3662 est
592 3615 672 3663 crux
687 3595 812 3680 posita3
825 3599 858 3658 et
876 3592 983 3660 adlruc
994 3596 1027 3660 in
1038 3593 1159 3660 vertice
1170 3595 1217 3676 ip·

8 3717 12 3726 '
84 3706 151 3770 sius
166 3705 254 3770 wrch
265 3704 363 3769 currit
372 3723 499 3788 semper
510 3702 553 3768 ad
563 3701 737 3786 meridiem,
751 3702 854 3769 donec
864 3702 1003 3784 iungitur
1014 3708 1045 3766 et
1064 3703 1215 3787 peruenit

87 3812 127 3878 ad
143 3813 246 3880 aliam
262 3812 409 3877 arborem
426 3813 526 3897 smrlr,
547 3831 726 3895 superque
743 3832 820 3876 crux
840 3809 1111 3897 estpositaetibi
1122 3829 1215 3897 sepa-

85 3929 135 3989 rat
150 3931 184 3989 et
194 3921 365 4016 distinguit
380 3941 401 3986 a
418 3919 493 4004 filijs
511 3919 650 4004 Stojiza3
668 3927 700 3985 ct
716 3921 834 3986 abhinc
851 3921 986 3986 reflectit
995 3938 1031 3984 se
1041 3919 1156 3984 iterum
1172 3919 1215 3984 ad

87 4033 272 4116 aquilonem
288 4049 470 4116 parumper,
488 4030 521 4094 iu
538 4025 825 4094 condescendendo
841 4026 991 4112 peruenit
1006 4032 1038 4090 et
1069 4023 1158 4091 cadit
1181 4025 1215 4090 in

87 4161 184 4206 unum
201 4138 313 4226 potok,
329 4140 361 4202 in
378 4158 441 4221 quo
466 4137 592 4204 scilicet
617 4136 717 4221 polok
743 4135 843 4201 currit
869 4135 913 4200 ad
939 4133 1153 4199 occidentem:
1183 4139 1215 4198 et

86 4248 219 4332 posthoc
235 4245 404 4337 descendit
420 4248 597 4332 peripsum
613 4263 715 4329 usque
730 4243 773 4308 ad
803 4242 935 4309 fluuium
961 4241 1154 4328 Okoliohua,
1179 4240 1212 4304 in

87 4376 179 4439 quem
196 4353 342 4421 cadendo
360 4354 440 4420 satis
456 4374 513 4441 per
529 4353 648 4420 bonum
665 4352 812 4440 spacium
828 4349 933 4417 tendit
957 4349 999 4413 ad
1025 4346 1214 4431 meridiem3

88 4473 118 4533 et
133 4464 251 4532 deinde
268 4468 416 4551 peruenit
431 4464 475 4531 ad
491 4462 657 4550 publicam
677 4463 772 4549 uiam,
789 4481 886 4546 qnam
900 4460 1075 4544 pertransit
1100 4475 1216 4524 versus

86 4575 252 4658 orientem,
270 4582 301 4640 el
317 4595 376 4658 per
401 4573 560 4640 modicum
587 4573 734 4659 spacium
761 4571 860 4636 currit
885 4586 989 4651 usque
1013 4566 1058 4632 ad
1081 4565 1215 4634 fluuium

89 4686 190 4771 Vegb,
209 4683 264 4750 vbi
281 4681 382 4747 intrat
393 4690 425 4748 et
436 4682 524 4748 cadit
541 4683 574 4747 in
590 4681 697 4768 ipsum
713 4678 747 4746 in
763 4680 820 4746 illo
836 4677 917 4766 loco,
935 4673 1216 4743 vbisuntdistinc·
