3234 5194
651 367 809 466 ..J-c.

165 558 274 627 fidelis
292 559 404 645 nostri,
422 579 484 641 que
500 557 592 624 nobis
608 565 682 643 post
697 559 819 644 etiepta
844 559 1066 641 gubernacula
1082 563 1184 627 nostri
1209 563 1294 645 regi·

162 670 263 735 minis
282 667 428 734 exhibuit
444 673 476 733 et
485 667 653 752 impendit,
675 666 840 750 quandam
859 673 975 734 terram
995 668 1100 737 eastri
1117 669 1218 738 nostri
1236 673 1298 737 Po·

165 776 329 844 seniensis
346 774 466 844 Kuhna
476 781 636 856 uocatam,
648 795 784 841 uacuam
802 784 834 843 et
849 777 1085 844 habitatoribus
1097 778 1297 867 destitutam,

166 885 201 949 in
212 904 279 966 qua
296 885 436 952 ecclesia
452 884 486 948 in
504 882 625 950 honore
636 883 745 950 Sancti
756 885 895 969 Nycolai
911 891 959 952 est
970 891 1163 972 constructa,
1175 907 1232 972 per
1243 885 1298 953 do·

164 992 290 1058 minum
305 990 418 1057 Belem
436 992 555 1073 Regem
573 991 659 1056 clare
676 991 844 1074 memorie,
871 1009 969 1057 auum
995 999 1139 1058 nostrum
1164 993 1296 1061 karissi-

165 1118 255 1164 mum
272 1098 302 1164 ei
319 1097 482 1184 collatam,
503 1104 536 1163 et
558 1097 737 1183 peripsum
754 1097 898 1183 Depreht
929 1099 1144 1181 usquemodo
1170 1119 1298 1185 posses·

167 1227 260 1288 sam,
285 1206 348 1290 ipsi
373 1205 533 1293 Depreht‚
567 1213 599 1271 et
624 1227 682 1292 per
698 1225 769 1270 enm
793 1207 861 1273 suis
886 1205 1057 1274 heredibus
1082 1207 1300 1292 heredumque
1397 1249 1399 1254 ,
1424 1193 1425 1196 ¹

93 1369 103 1379 ,
167 1333 300 1380 suorum
317 1314 558 1382 successoribus
574 1311 732 1401 dedimus,
749 1313 942 1381 donauimus
959 1321 991 1379 et
1007 1315 1201 1381 contulimus
1226 1315 1296 1382 iure

167 1431 327 1508 perpetuo
351 1423 487 1507 pacifice
512 1423 752 1510 possidendam,
782 1423 852 1490 sine
878 1423 1058 1509 preiudicio
1084 1423 1162 1490 iuris
1188 1420 1301 1522 alieni,

63 1603 70 1612 ,
168 1534 349 1600 secundum
365 1534 452 1617 quod
468 1551 527 1616 per
553 1531 715 1600 dominum
741 1532 854 1598 Belum
880 1533 1002 1615 Regem
1029 1551 1128 1597 auum
1153 1535 1296 1597 nostrum
1422 1573 1424 1582 r

169 1642 380 1708 karissimum
396 1641 461 1726 ipsi
477 1639 620 1725 Depreht
630 1641 753 1706 donata
764 1638 941 1706 dinoscitur
956 1645 988 1705 et
1004 1639 1131 1704 collata.
1150 1639 1188 1703 In
1208 1639 1299 1704 cuius

170 1751 219 1817 rei
235 1749 424 1817 memoriam
443 1755 476 1815 et
491 1755 680 1834 perpetuam
697 1747 881 1815 firmitatem
897 1753 1067 1832 presentes
1082 1745 1301 1815 concessimus

169 1863 299 1930 litteras
315 1857 477 1944 dupplicis
493 1856 595 1942 sigilli
612 1857 711 1923 nostri
724 1855 898 1922 munimine
914 1855 1092 1922 roboratas.
1110 1853 1229 1918 Datum
1243 1871 1302 1937 per

170 1992 290 2039 manus
306 1967 438 2036 discreti
453 1967 516 2036 viri
525 1965 674 2051 Magistri
684 1963 845 2033 Theodori
860 1963 1013 2029 Albensis
1024 1959 1172 2028 Ecclesie
1182 1959 1301 2045 Prepo-
1333 1987 1334 1990 ¹

172 2080 229 2147 siti
246 2082 321 2147 aule
336 2083 447 2144 nostre
463 2077 543 2142 Vice
560 2074 752 2158 cancellarij
772 2071 883 2138 dilecti
900 2075 931 2137 et
946 2068 1051 2136 fidelis
1075 2069 1185 2150 nostri,
1213 2087 1299 2134 anno

172 2187 306 2254 Domini
321 2183 443 2252 ΜΰΟΟο
457 2183 668 2268 nonagesimo
685 2183 787 2265 primo
805 2179 915 2264 quinto
934 2176 1095 2244 kalendas
1106 2173 1300 2244 Nouembris

173 2296 278 2380 Regni
293 2299 401 2360 autem
416 2291 517 2359 nostri
534 2309 619 2356 anno
636 2285 789 2356 secundo.

174 2513 315 2580 (Eredetie
342 2507 517 2576 bdrhirtydn,
545 2507 658 2574 melyrbi
677 2503 851 2574 verbs-shrga
872 2502 1098 2571 selyemusiudrou
1121 2498 1243 2568 specsbt
1266 2505 1305 2552 to·

308 2631 317 2646 a
385 2603 480 2656 reddire
491 2603 559 2668 ittgg
570 2615 604 2665 ;a
618 2600 700 2652 budai
714 2599 767 2652 kir.
781 2599 903 2649 kamarai
915 2592 1108 2659 levdltdrban.)

639 2883 849 2899 *nt—a„

712 3399 765 3466 lo.

184 3610 249 3677 ΙΙΙ.
276 3607 389 3672 Endre
416 3603 523 3690 kirtly
553 3602 736 3686 moperb'ac'ti
768 3595 825 3664 IV.
852 3595 966 3660 Luscio
990 3586 1164 3676 kirdlycait
1187 3582 1315 3650 Perorsi

186 3721 343 3803 helyee'pet
360 3716 517 3800 tcirgyuzd
541 3711 741 3794 odomdoyctt
760 3705 907 3771 Hrrhcrd
925 3725 1022 3768 comeo
1037 3703 1195 3766 ειάῃιάνα.
1213 3691 1309 3757 1291.

296 3915 448 3982 Andreas
460 3911 522 3978 Dei
532 3911 643 3993 gracia
658 3905 836 3990 Hnngarie,
847 3899 1026 3986 Dalmacie,
1039 3894 1184 3980 (lucarie,
1201 3893 1313 3974 Reme,

187 4025 312 4106 Seruis,
329 4019 480 4106 Gallicie‚
495 4017 696 4101 Lodomeric‚
724 4010 879 4080 Cumanis
895 4007 1114 4091 Buigurieque
1129 4003 1198 4069 Rex
1216 3995 1316 4062 omni-

187 4133 251 4200 bus
270 4129 391 4197 Christi
408 4127 558 4194 fidelibus
575 4129 760 4210 presentem
792 4121 947 4205 paginam
966 4109 1160 4198 inspecturis
1177 4106 1316 4173 salutern

188 4241 223 4305 in
239 4239 381 4306 omniurn
413 4235 587 4303 saluatore.
618 4229 773 4314 Congruit
803 4225 903 4309 Regio
929 4219 1091 4288 Maiestati
1117 4211 1319 4303 propensiori

190 4346 370 4432 diligencia
386 4365 514 4410 snorum
546 4339 688 4406 fidelium
714 4335 912 4402 utilitatibus
929 4337 961 4396 et
977 4323 1153 4394 commodis
1169 4319 1319 4404 uigilare,

191 4473 369 4537 eorumque
386 4449 511 4518 deuotis
528 4445 745 4535 peticionibus
770 4441 928 4522 inclinari,
947 4456 1005 4523 per
1022 4453 1103 4518 quos
1121 4433 1244 4498 corone
1260 4427 1320 4492 Re·
1437 4441 1438 4444 ¹

191 4568 246 4650 gie
263 4561 433 4632 commoda
459 4556 623 4626 efficacius
654 4555 878 4640 procurantur.
910 4542 962 4610 Au
981 4543 1206 4609 vniuersorum
1225 4534 1323 4618 igitur

193 4669 348 4740 noticiam
365 4677 478 4736 tenore
502 4665 703 4751 presencium
720 4660 833 4725 harum
865 4655 947 4721 serie
972 4653 1119 4719 uolumus
1145 4646 1322 4732 peruenire,

1125 4760 1164 4824 2*
