3132 5192
2 1125 4 1132 ’
69 1127 132 1190 III.
150 1125 264 1189 Endre
278 1128 390 1213 leieaily
422 1128 590 1212 eltiltjuuz
605 1132 790 1215 esztorpamu'
822 1135 1088 1221 veirusbuidso'pot
1113 1137 1202 1214 artat,

68 1233 150 1319 loqy
161 1257 205 1298 az
216 1239 598 1323 ecaterpumicpybdzuuk
615 1264 636 1303 a
647 1241 806 1305 octroshuo
821 1239 1101 1329 loldjobbcipyoit
1122 1265 1202 1329 mep-

269 1345 455 1427 addzlassa,
472 1347 503 1411 eu
510 1345 644 1432 felettdle
661 1349 882 1435 biuusbodjoo.
901 1349 997 1414 1294.

178 1519 330 1589 Andreas
340 1521 401 1589 Dei
418 1523 529 1606 gracia
540 1525 716 1610 Huugarie,
734 1526 913 1613 Dalmacie,
931 1527 1073 1613 Sunucis,
1092 1529 1203 1612 Reme,

70 1629 197 1715 Seruis,
230 1629 370 1696 Gallicis
397 1631 598 1718 Lodomerie,
616 1631 775 1700 Cumanis
792 1634 1010 1718 Bulgarieque
1039 1638 1107 1702 Rex
1138 1658 1202 1702 om·

33 1791 36 1794 .
70 1736 165 1803 nibus
193 1735 315 1803 Christi
331 1737 479 1805 fidelibus
495 1745 562 1805 tam
579 1741 784 1826 presentibus
802 1761 897 1824 quam
925 1741 1042 1806 laturis
1069 1762 1201 1826 presen-

69 1851 133 1908 tem
150 1845 309 1928 paginam
326 1845 522 1929 inspecturis
538 1848 676 1912 salutem
694 1847 727 1911 in
745 1867 792 1930 eo,
809 1849 863 1931 qui
880 1847 1026 1930 Regibus
1044 1849 1100 1914 dat
1116 1851 1201 1916 sulu-

69 1957 143 2020 tem.
160 1953 294 2037 Sopitas
311 1953 486 2021 diffinitiue
501 1954 668 2021 sentencie
684 1954 808 2021 calculo
824 1975 975 2042 peruerse
991 1961 1024 2021 et
1038 1957 1202 2040 impudice

70 2060 368 2144 calumpniancium
385 2062 580 2146 questiones,
615 2080 657 2127 ue
673 2061 705 2127 in
722 2060 864 2128 recidiua
882 2061 1101 2130 dissensionis
1119 2063 1202 2129 rela-

70 2168 190 2244 bantur
206 2171 403 2253 scrupulum,
429 2169 534 2235 uiuaci
559 2169 740 2236 litterarum
765 2169 951 2236 testimonio
975 2170 1203 2252 commendare

71 2295 135 2339 non
161 2276 270 2342 solum
302 2269 546 2344 canonicatuum
572 2275 790 2359 Ciuiliumque
815 2277 989 2342 decreuere
1015 2277 1201 2361 cognitores

73 2381 300 2466 Jurium3scd
326 2391 358 2450 et
383 2385 455 2469 ipse
479 2381 659 2468 Regalibus
691 2389 724 2448 et
753 2381 992 2468 Principalibus
1024 2385 1203 2452 notificatus

72 2490 227 2578 lastigijs,
243 2493 333 2559 cuius
349 2513 415 2558 uon
431 2491 513 2559 leuis
530 2511 604 2558 esse
635 2491 732 2556 debet
764 2491 950 2579 auotoritas,
976 2513 1016 2558 ne
1042 2494 1203 2560 immorta-

72 2597 120 2666 les
149 2618 225 2665 esse
250 2599 383 2664 ualeant
407 2600 482 2666 lites
513 2598 676 2664 hominum
702 2599 1008 2683 calumpniosornm,
1041 2601 1200 2667 obviando

73 2705 223 2792 maliolis,
244 2705 467 2791 inrefragabili
483 2705 658 2772 sanccione
669 2705 784 2772 statuit
795 2725 864 2772 mos
875 2708 1034 2790 antiquus.
1045 2707 1144 2774 Cuius
1155 2707 1202 2773 rei

73 2813 189 2894 gracia
203 2813 426 2880 uniuersorum
443 2812 560 2880 noticia
589 2814 788 2897 presencium
816 2814 941 2896 pariter
966 2819 998 2878 et
1023 2813 1200 2881 futurorum

73 2921 225 2987 duximus
241 2923 444 3006 presentibus
472 2919 726 3004 deelarundum;
744 2919 917 3002 quodcum
934 2921 1127 2988 venerabilis
1144 2943 1203 3006 pa·

73 3033 119 3093 ter
134 3029 288 3096 dominus
305 3028 527 3114 Lodomedus,
546 3028 608 3094 Dei
625 3027 737 3110 gracia
752 3027 1026 3113 Arcbiepiscopus
1042 3028 1199 3112 Strigoni·

74 3137 160 3203 ensis
178 3144 210 3203 et
226 3137 342 3202 Comes
358 3137 536 3221 Perpetuus
552 3135 615 3202 loci
632 3133 788 3217 ciusdem,
807 3133 944 3199 dilectus
963 3139 994 3200 et
1010 3133 1119 3200 fidelis
1144 3155 1199 3202 no·

76 3250 149 3331 ster,
185 3253 216 3312 et
232 3243 363 3312 discreti
381 3243 442 3309 uiri
458 3243 643 3328 Capitulum
660 3242 807 3308 Ecclesia
834 3240 1079 3326 Strigoniensis,
1105 3261 1203 3326 super

74 3353 319 3434 gradaminibus
335 3359 368 3418 et
393 3351 657 3436 oppressionibus
683 3351 879 3436 populorum
905 3369 963 3416 scu
989 3349 1200 3433 iobagionum

74 3479 213 3540 suorum,
245 3460 329 3525 intra
354 3459 514 3525 fossatum
539 3458 763 3540 Strigoniense
794 3457 1061 3544 constitutorum,
1087 3463 1199 3523 eontra

2 3571 18 3582 '‘
74 3566 276 3655 Stephanum
292 3563 450 3650 Judieem,
467 3565 599 3631 Juratos
615 3571 646 3630 et
666 3565 831 3631 uniuersos
848 3563 944 3631 Ciues
970 3565 1009 3631 de
1036 3565 1201 3649 Strigonio
1306 3572 1310 3578 “

74 3677 244 3742 materiam
261 3673 441 3760 questionis
456 3674 633 3739 mouissent
648 3671 682 3738 iu
699 3671 803 3755 figura
817 3670 953 3760 Juuioij]
963 3692 1072 3740 eorum
1097 3675 1201 3760 nobis,

75 3791 104 3850 et
118 3785 157 3849 in
171 3784 244 3869 ipsa
271 3781 329 3848 lite
354 3781 437 3847 inter
461 3787 572 3866 partes
597 3779 756 3849 extitisset
781 3778 905 3848 diucius
930 3782 1144 3867 altercatum
1171 3789 1204 3849 et

74 3889 150 3958 licet
166 3889 208 3955 de
226 3889 373 3975 parcium
391 3907 535 3955 consona
549 3888 719 3956 uoluntate
734 3888 841 3974 ipsam
867 3909 1000 3954 eausam
1029 3887 1133 3973 primo
1159 3888 1203 3954 ad

77 3995 375 4082 congregacionem
390 3997 493 4081 Regni
508 3995 610 4064 nostri
624 3996 777 4083 futuram,
794 4016 834 4062 ac
859 3995 978 4063 deinde
1004 3995 1046 4062 ad
1071 3995 1203 4079 quinde-

33 4085 38 4095 ’
75 4125 134 4174 nas
161 4105 274 4172 Sancti
306 4103 438 4189 Georgij
467 4104 610 4171 martiris
635 4123 914 4191 prorogassemus,
941 4102 1058 4170 nostris
1085 4101 1204 4168 litteris

76 4212 306 4298 mediantibus,
324 4211 420 4278 certis
435 4211 531 4296 penis
547 4211 664 4296 positis
678 4211 765 4277 inter
780 4217 903 4298 partes,
919 4229 982 4293 que
994 4210 1026 4274 in
1037 4207 1204 4293 prioribus

76 4320 196 4390 litteris
213 4320 334 4389 nostris
359 4319 600 4388 memorialibus
626 4318 744 4386 exinde
769 4318 924 4386 coniectis
950 4317 1079 4404 plenius
1103 4315 1204 4383 conti·

76 4437 210 4518 nentur;
228 4427 358 4496 demum
373 4433 482 4495 tamen
503 4426 590 4494 idem
606 4425 802 4494 venerabilis
821 4430 914 4510 pater
929 4423 1203 4509 archiepiscopus

79 4547 108 4605 et
126 4557 218 4608 suum
236 4537 435 4624 Capitulum,
451 4555 510 4602 nec
526 4555 592 4600 non
607 4533 764 4618 Magister
789 4530 985 4600 Franciscns
1009 4529 1200 4614 Prepositus

72 4645 213 4723 Ecclesia
228 4643 346 4716 Sancti
361 4641 486 4722 Tbome
502 4640 542 4712 de
557 4638 802 4718 Promoutborio
812 4635 1039 4730 strigoniensi,
1053 4635 1201 4728 trequen-
