3180 5202
873 291 1032 394 ..Q

389 507 455 556 ures
465 537 476 575 ,
496 485 629 555 Alberto
647 487 687 554 de
703 487 855 578 Borswa,
873 487 1008 558 Simone
1024 491 1110 558 Noui
1126 489 1231 558 Casiri
1258 490 1504 582 Archidiaconis,

389 601 421 662 et
436 595 515 679 alijs
531 579 658 672 multis3
676 615 762 662 anuo
778 599 909 664 Domini
925 596 1073 666 M⁰OGC⁰.
1098 601 1272 684 Reguaute
1299 598 1428 668 Andrea
1440 599 1507 668 Illu·
1566 601 1568 690 ξ

390 702 448 768 stri
464 703 553 784 Rege
569 702 747 790 Hungarie‚
781 705 937 789 Gregorio
953 707 1069 773 Eleoto
1100 707 1341 790 Strigo'niensi,
1373 707 1508 777 Johanue
1566 705 1568 752 ἱ

299 888 305 896 Ι
390 807 655 894 Archyepiscopo
673 809 859 896 Colocensi3
886 819 918 880 et
943 813 1074 880 domino
1098 819 1209 882 nostro
1224 814 1410 882 venerabili
1426 821 1507 902 patre
1566 879 1568 898 ἱ

329 975 333 981 ,
390 915 522 984 Andrea
537 917 599 983 Dei
615 918 730 1001 gracia
744 920 905 1008 Episcopo
920 921 1074 1008 Agriensi
1090 922 1324 990 existentibus.

699 1079 728 1144 A
943 1085 969 1148 B
1186 1082 1212 1148 O

392 1239 533 1306 (Eredetie
545 1239 718 1310 bb'rhhrtyhn,
732 1244 845 1310 melyrdl
858 1257 875 1293 ι
887 1243 979 1311 pecset
991 1246 1220 1312 selyemasindron
1239 1247 1331 1313 lilgg3
1348 1257 1365 1296 tt
1378 1245 1457 1298 budai
1468 1247 1509 1300 to'r.
1566 1215 1568 1256 1

786 1335 910 1386 kamarai
921 1333 1112 1402 levslttrban.)

921 2160 998 2228 260.

396 2354 446 2422 Aa
461 2361 527 2442 apri
542 2359 764 2444 ltdptalaooak
779 2383 800 2423 a
816 2360 946 2445 Beretey
968 2359 1150 2448 telpssqbao
1167 2369 1283 2428 tdrtdat
1307 2365 1440 2450 osztdlyt
1453 2367 1506 2427 trir-

696 2469 796 2553 pyazo'
813 2466 1081 2553 biscopedpleoale.
1099 2472 1198 2535 1300.

503 2663 660 2733 Omnibus
676 2663 794 2732 Christi
810 2665 960 2733 fidelibus
977 2672 1043 2733 tam
1060 2669 1267 2752 presentibus
1293 2689 1394 2752 quam
1408 2662 1506 2733 futuris

396 2791 532 2858 presens
549 2773 703 2860 scriptum
720 2774 913 2858 inspecturis
924 2773 1107 2862 Capitulum
1123 2776 1271 2842 Ecclesia
1285 2776 1455 2862 Agriensis
1466 2792 1506 2840 sa·

395 2881 495 2948 lutem
511 2881 544 2948 in
561 2881 702 2948 omnium
719 2882 894 2949 saluatore.
925 2883 977 2948 Ad
1001 2885 1223 2950 uniuersorum
1240 2885 1398 2951 noticiam
1412 2889 1505 2949 tenum

394 2989 597 3074 presencium
628 2990 775 3056 volumus
805 2989 993 3076 peruenire;
1019 2991 1107 3074 quod
1132 2991 1247 3059 Petrus
1278 2993 1367 3060 filins
1393 2986 1506 3056 Comitis

396 3095 531 3181 Georgij
549 3098 664 3164 Comes
681 3096 721 3163 do
737 3097 833 3166 Nouo
850 3095 964 3164 (taetro
974 3149 984 3182 ,
1002 3103 1035 3163 et
1058 3098 1215 3182 Magister
1239 3097 1409 3167 lohannes
1422 3097 1506 3162 frater

396 3201 543 3270 eiusdem
568 3223 609 3270 ex
625 3223 691 3268 nna
707 3210 801 3288 parte
811 3255 820 3290 ‚
851 3204 893 3269 ab
924 3205 1031 3271 altera
1050 3225 1126 3272 vero
1143 3206 1278 3290 Egidius
1295 3215 1333 3273 et
1348 3201 1506 3293 Dponisiua
1550 3261 1552 3264 ,

396 3311 454 3395 filij
472 3311 629 3378 lobannis
647 3329 706 3396 pro
723 3331 759 3378 se
775 3317 808 3377 et
822 3331 882 3395 pro
897 3312 1085 3380 Andronico
1117 3314 1217 3381 fratre
1241 3317 1388 3400 ipsorum
1411 3327 1505 3378 coram

397 3417 493 3484 nobis
509 3419 724 3504 personaliter
740 3417 906 3485 constituti
933 3417 1132 3487 concorditer
1157 3421 1358 3507 retulerunt,
1387 3415 1504 3504 quodiu

395 3523 587 3612 quibusdam
604 3527 867 3612 possessionibus
883 3529 952 3594 suis
982 3528 1118 3595 inferius
1134 3527 1345 3595 declarandis
1362 3525 1431 3614 pari
1444 3542 1503 3590 con·

395 3651 494 3704 sensu
509 3634 608 3700 talem
624 3633 709 3701 inter
725 3655 761 3704 se
776 3633 932 3701 fecissent
949 3634 1163 3720 diuisionem3
1189 3635 1275 3718 quod
1289 3635 1392 3720 ijdem
1408 3633 1504 3699 domes
1567 3701 1568 3708 χ

300 3771 304 3778 ·
394 3744 510 3812 Petrus
527 3746 561 3808 et
576 3742 732 3826 Magister
746 3742 768 3808 J
770 3743 914 3811 ohannes
925 3745 1091 3826 quandam
1107 3745 1350 3829 possessionem
1364 3737 1504 3822 Beretbey

395 3854 555 3935 vocamur,
571 3868 635 3932 que
651 3849 695 3915 ad
711 3849 800 3935 ipsos
818 3849 981 3916 adomiuo
993 3852 1164 3936 Myohaele
1174 3851 1345 3936 Proposito
1355 3841 1502 3933 Myslieusi

395 3959 494 4026 fratre
509 3958 651 4042 ipsorum
668 3957 761 4024 titulo
787 3957 932 4042 pignoris
950 3959 1057 4026 extitit
1072 3959 1246 4043 deuolute,
1273 3978 1347 4023 cum
1363 3951 1503 4023 vniuersis

395 4065 593 4134 utilitatibus
610 4065 697 4144 suis3
716 4065 793 4149 quia
811 4065 888 4132 dicti
905 4065 962 4151 filij
980 4065 1142 4134 iohannis
1167 4065 1317 4152 spiritum
1333 4057 1502 4132 rebellionis

396 4194 507 4242 eorum
523 4172 676 4257 vitarunt,
694 4179 726 4241 et
742 4173 805 4240 sibi
821 4173 1013 4241 studuerunt
1023 4175 1237 4264 complacere,
1254 4174 1294 4240 ob
1311 4173 1503 4241 dileccionem

397 4279 581 4367 eorundem,
611 4299 675 4347 non
701 4285 838 4364 accepta
867 4283 977 4365 aliqua
1008 4282 1148 4368 pecunia
1164 4283 1206 4350 ab
1231 4281 1354 4349 eisdem
1368 4301 1423 4367 pro
1444 4293 1502 4361 pre·

397 4389 486 4457 diota
516 4388 742 4476 possessione,
774 4387 940 4457 dedissent
970 4395 1003 4458 et
1027 4390 1234 4458 tradiderunt
1265 4390 1346 4476 ipsis
1369 4385 1440 4469 filijs
1460 4381 1502 4448 Jo-

396 4497 516 4564 bannis
547 4505 582 4565 et
610 4496 786 4564 heredibus
819 4517 929 4566 eorum
961 4498 1179 4584 heredumque
1201 4518 1329 4566 suorum
1359 4507 1499 4568 successo·

398 4604 487 4679 ribus
504 4611 658 4698 perpetuo
689 4603 921 4696 possidendam
939 4610 970 4678 et
985 4605 1182 4677 habendam.
1213 4607 1337 4678 Prolati
1367 4621 1437 4672 vero
1452 4593 1498 4682 filij
1567 4637 1568 4640 =
