3180 5202
648 1001 727 1070 327.

101 1207 157 1273 Aa
173 1207 260 1272 Ebsd
278 1207 344 1289 fiai
360 1207 392 1270 έε
409 1203 527 1270 Ponitb
551 1198 634 1268 luza
660 1198 779 1287 paracle
809 1197 1037 1282 ravengerus·
1067 1199 1237 1267 elisraea.

576 1285 778 1372 Mlti?
792 1311 922 1422 two
948 1331 1124 1447 We.

217 1508 337 1572 Datum
354 1523 412 1589 pro
428 1500 592 1588 memoria,
608 1499 695 1584 quod
711 1501 845 1586 Komen,
860 1497 1026 1566 Renoldus
1042 1506 1076 1564 et
1092 1498 1159 1565 Jak
1177 1497 1237 1580 lilii

105 1614 212 1697 Ebed,
230 1613 306 1697 Isep
323 1611 410 1677 lilius
425 1609 512 1694 Isep,
528 1611 638 1676 Kenez
663 1607 750 1673 lilius
775 1605 910 1687 Vrbani,
944 1605 1121 1689 Gregorius
1153 1603 1240 1674 lilius

1 1709 2 1712 ¹
107 1719 259 1807 Gregorij
279 1718 320 1784 de
337 1715 422 1803 Ond,
439 1723 507 1782 tam
524 1736 582 1799 pro
597 1735 633 1781 se
650 1734 746 1798 quam
763 1733 822 1798 pro
853 1713 992 1779 Martino
1009 1720 1150 1796 cognato
1180 1733 1240 1780 suo

106 1825 328 1914 personaliter
343 1821 571 1907 comparando,
587 1823 622 1886 in
638 1822 742 1904 ligura
757 1817 876 1905 ludicii
895 1840 1002 1886 eoram
1019 1821 1113 1886 nobis
1145 1821 1240 1887 exbi-

107 1935 252 2000 buerunt
268 1931 396 1997 litteras
412 1949 470 1994 sex
485 1927 627 1994 iudicum
645 1929 723 1994 olim
740 1931 889 2010 exparte
914 1933 1025 1992 nostra
1054 1933 1086 1996 et
1117 1927 1241 1995 domini
1293 1971 1295 1978 ι

108 2039 212 2123 Regis
235 2036 402 2104 karissimi
417 2035 524 2121 patris
550 2035 652 2101 nostri
684 2033 790 2100 felicis
820 2035 971 2100 memorie
1003 2031 1239 2119 deputatorum,

109 2168 152 2216 ac
167 2144 269 2212 eciam
286 2141 491 2228 priuilegium
507 2139 652 2208 eiusdem
667 2139 832 2207 karissimi
857 2138 961 2224 patris
986 2142 1107 2224 nostri,
1131 2147 1243 2224 peten-

110 2261 163 2320 tes
178 2256 215 2318 ut
230 2251 323 2317 iuxta
354 2249 584 2336 premissorum
616 2246 852 2313 continenciam
883 2247 1171 2314 instrumentorum
1201 2267 1242 2314 ex

111 2365 209 2444 parte
224 2355 346 2424 Ponioh
363 2354 498 2422 Comitis
514 2355 594 2440 ipsis
626 2353 788 2420 iusticiam
821 2351 1011 2437 faceremus,
1044 2359 1112 2420 tam
1144 2374 1243 2440 super

1 2499 2 2522 2
112 2463 375 2552 possessionibus
390 2459 424 2526 in
439 2460 558 2527 litteris
574 2466 606 2524 et
623 2458 797 2546 priuilegio
813 2455 933 2525 eisdem
952 2461 1126 2546 expressis,
1144 2481 1243 2544 quam

115 2572 219 2639 eciam
236 2587 330 2654 snper
347 2575 450 2634 morte
466 2566 610 2633 eiusdem
629 2565 780 2649 Gregorij
799 2565 839 2630 de
856 2564 939 2651 Ond,
958 2571 990 2630 et
1007 2564 1079 2631 Ond
1102 2565 1160 2652 filij
1179 2571 1243 2655 sui,

2 2741 4 2765 ᾖ
114 2699 154 2744 ac
170 2680 295 2746 Joanoe
310 2675 440 2758 cognati
457 2673 596 2739 tiliorum
612 2673 758 2740 ciusdem
775 2672 876 2756 Ebed,
896 2693 975 2756 quos
992 2673 1091 2757 ijrlem
1108 2695 1166 2761 per
1196 2677 1243 2760 ip-

3 2766 4 2781 *
116 2805 187 2852 sum
204 2782 328 2850 Ponioh
345 2779 507 2848 Comitem
524 2788 556 2846 et
580 2779 738 2848 Jacobum
769 2780 871 2846 lilium
902 2781 972 2846 eius
1002 2801 1101 2865 super
1132 2783 1245 2849 domos

116 2911 192 2961 suas
207 2909 308 2955 manu
323 2895 450 2956 armata
465 2894 497 2954 et
513 2886 657 2954 uiolenta
672 2885 832 2954 ueniendo
849 2885 1002 2956 dicebant
1010 2895 1111 2954 morte
1130 2889 1247 2973 turpis·

116 2997 200 3067 sima
215 2996 412 3064 interfectis.
430 2993 552 3063 Contra
568 3014 649 3077 quos
674 2992 838 3080 predictus
866 2991 982 3060 Comes
1013 2995 1107 3062 Ponit
1138 3015 1246 3082 perso-

9 3183 11 3192 ,
115 3105 238 3172 naliter
259 3113 324 3170 tarn
341 3124 400 3188 pro
416 3121 453 3170 se
469 3121 566 3185 quam
581 3121 641 3187 pro
657 3101 725 3168 filio
742 3121 801 3168 sno
825 3100 1005 3187 respondit,
1036 3101 1124 3187 quod
1156 3103 1248 3170 iuxta

9 3217 12 3266 ῑ
115 3209 336 3297 predictorum
351 3210 637 3276 instrumentorum
654 3209 893 3276 continenciam
908 3209 1043 3296 procedi
1060 3231 1125 3277 non
1151 3209 1248 3279 debet

11 3319 13 3366 ³
116 3319 151 3383 in
168 3317 306 3402 negocio
323 3337 372 3403 eo,
389 3315 478 3401 quod
493 3315 608 3386 eadem
624 3316 1024 3404 instrumentaperodinm
1034 3323 1067 3385 et
1081 3337 1249 3386 rancorem

118 3425 192 3511 ipso
209 3423 305 3490 Ponit
321 3423 447 3491 Comite
463 3425 601 3492 absente
616 3429 649 3492 et
665 3423 826 3493 existente
842 3431 921 3508 aput
946 3445 1017 3512 nos,
1048 3444 1146 3512 super
1178 3445 1249 3510 pos·

14 3529 16 3538 ’
118 3531 322 3599 sessionibus
339 3536 370 3597 et
386 3532 462 3618 alijs
477 3531 573 3600 lactis
588 3535 622 3600 in
639 3531 755 3598 litteris
780 3553 846 3600 non
878 3530 1026 3600 deductis
1058 3531 1158 3618 ijdem
1188 3533 1247 3620 filij

28 3626 32 3628 ’
118 3639 212 3706 Ebed
243 3646 274 3706 et
305 3638 384 3722 socij
418 3659 527 3708 eorum
558 3638 676 3724 prelati
707 3638 792 3708 laulse
825 3639 867 3726 ’et
900 3640 1040 3710 ueritate
1072 3661 1250 3726 suppressa

30 3728 35 3737 ’
118 3743 285 3812 maliciose
301 3745 549 3830 impetrassent3
565 3746 685 3815 adiecit
715 3748 819 3814 eciam
849 3746 934 3814 idem
963 3748 1087 3814 Ponioh
1119 3749 1248 3834 Comes,

119 3852 206 3938 quod
221 3858 432 3920 memoratum
449 3849 640 3936 Gregoruim
658 3857 689 3918 et
704 3851 867 3938 predictos
884 3855 968 3921 alios
984 3853 1068 3920 duos
1101 3854 1249 3922 homines

118 3961 164 4026 ad
180 3960 287 4046 ipsum
305 3958 514 4044 pertinentes,
531 3959 565 4056 ip
580 3961 635 4026 uia
651 3959 785 4045 publica
799 3969 958 4042 tanquam
974 3961 1063 4028 sures
1087 3969 1120 4027 et
1150 3961 1248 4029 latro·

118 4088 180 4156 nes
213 4085 268 4132 eos
285 4065 442 4130 inuadere
458 4065 603 4133 volentes
620 4065 824 4149 occidissent,
851 4066 1057 4152 exigentibus
1074 4068 1179 4154 culpis
1192 4089 1249 4137 so·

119 4173 266 4260 rumdem,
284 4173 318 4237 in
335 4159 439 4258 ipsius
454 4173 512 4258 lilij
530 4175 580 4240 sui
602 4173 759 4241 absencia
775 4173 939 4243 antedicti.
956 4177 1025 4243 Nos
1050 4193 1126 4242 uero
1160 4177 1250 4244 audi-

119 4283 162 4348 tis
179 4280 327 4365 parcium
344 4279 626 4365 proposicionibus
641 4301 708 4348 una
724 4301 795 4348 curn
826 4281 1007 4350 Beronibus
1041 4283 1159 4350 nostris
1195 4304 1238 4366 qn

120 4385 292 4473 adherant,
324 4387 567 4456 sentencialiter
582 4389 794 4477 decrenimus,
812 4390 898 4475 quod
923 4411 1000 4477 pars
1031 4395 1169 4472 utraque
1200 4388 1251 4456 dc·

123 4495 221 4561 beant
236 4492 415 4578 producere
431 4495 573 4580 pugilem
590 4516 836 4582 congressurum
852 4517 947 4584 quern
962 4519 1021 4584 pro
1031 4517 1092 4566 sua
1102 4503 1196 4582 parte
1206 4498 1253 4564 in·

122 4602 236 4668 uenire
251 4607 403 4686 poterunt
419 4602 596 4700 meliorem,
614 4604 718 4687 quiin
736 4605 861 4674 octauis
877 4605 986 4674 Sancti
1004 4604 1193 4693 ,Myohaelis
1220 4605 1252 4669 in

168 4734 232 4775 uos.
248 4735 331 4774 nnus.
347 4735 418 4773 nrsr.
435 4745 479 4758 -··
495 4737 567 4773 nrrt.
602 4733 639 4776 rs,
1102 4718 1146 4781 30
