3132 5192
592 338 754 438 Q-

85 523 193 590 lueriis
211 546 258 592 az
293 530 362 614 egri
393 530 618 615 ktptaiannak
650 550 758 618 ngyan
788 533 925 601 loos-ki
946 533 1133 618 jelenttse,
1154 526 1233 591 mint

87 629 194 697 douo
212 637 277 701 58.
295 656 341 702 sa.
360 634 405 722 a)

202 741 284 810 Nos
299 744 459 826 siquidem
476 763 516 810 ex
541 743 722 812 huiusmodi
739 747 900 814 relacione
921 746 1070 831 legitimo
1095 738 1233 828 predicti

88 843 247 932 Capituli
266 849 437 935 Agriensis
453 851 598 919 fidelium
618 860 798 920 nostrorum
815 873 911 941 super
928 875 976 942 eo,
992 861 1026 920 vt
1042 853 1129 920 dicta
1142 854 1232 938 terro

89 952 132 1016 ad
150 963 313 1023 nostram
338 959 474 1044 Regiam
490 958 699 1026 collacioncm
730 959 815 1026 licite
832 960 1043 1045 dignoscatur
1059 957 1231 1044 pertinere,

89 1065 181 1126 certo
200 1064 336 1129 cercius
367 1063 551 1148 informati;
567 1064 744 1150 predictam
769 1066 1004 1150 possessionem
1036 1083 1092 1132 sou
1114 1069 1230 1127 terram

86 1167 213 1233 Bezew
233 1177 400 1255 vocatam,
418 1169 628 1237 consideratis
644 1171 857 1239 fidelitatibus
872 1179 905 1239 et
921 1171 1064 1238 fidelium
1080 1165 1231 1236 sernioio-
1302 1162 1305 1172 ⁴

87 1294 160 1340 rum
171 1273 309 1342 meritis
319 1277 461 1344 eiusdem
472 1275 607 1344 Comitis
616 1277 730 1344 Jacobi
739 1277 797 1361 {iiij
809 1277 955 1363 Gregorij
973 1274 1150 1360 memorati,
1168 1291 1230 1356 quo

85 1383 176 1453 idem
187 1384 294 1449 nobis
308 1383 342 1448 in
358 1383 482 1450 conctis
497 1383 618 1451 nostris
632 1385 776 1470 negooijs
784 1386 947 1471 prosperis
959 1392 990 1452 ct
1005 1383 1160 1464 aduersis,
1172 1378 1227 1445 dn·

49 1525 53 1536 ·
88 1490 153 1574 bijs
162 1489 305 1556 fortune
316 1490 446 1556 casibus
462 1509 497 1556 se
514 1489 735 1556 submittentes
751 1498 783 1557 ot
794 1511 854 1557 sua
865 1498 1073 1576 exponentes,
1091 1507 1153 1572 que
1168 1507 1227 1554 suo

87 1595 188 1663 modo
204 1617 272 1682 per
288 1597 418 1680 singula
443 1595 578 1679 longum
595 1603 680 1663 esset
696 1618 868 1684 enarrare,
886 1619 957 1664 cum
975 1595 1163 1665 constancia
1179 1613 1229 1659 su·

90 1724 205 1788 preme
224 1703 400 1770 fidelitatis
424 1703 570 1770 exhibuit
585 1708 618 1769 et
633 1703 792 1789 inpendit,
823 1707 968 1773 volentes
985 1705 1051 1771 suis
1069 1701 1231 1767 fidelitati·

89 1811 151 1876 bns
167 1811 280 1894 Regio
298 1829 464 1878 occurrere
476 1831 546 1876 oum
559 1812 680 1893 fanore,
697 1830 769 1878 cum
786 1812 935 1879 omnibus
953 1808 1144 1875 utilitatibus
1161 1803 1229 1872 suis

91 1923 123 1982 et
137 1917 362 2002 pertincneijs
379 1919 556 2002 uniuersis,
582 1918 754 2010 submotis
779 1926 811 1984 et
827 1917 1079 1984 limitacionibns
1095 1913 1229 1997 prescri-

90 2023 166 2109 ptis,
185 2027 315 2108 quibus
333 2023 447 2092 eadem
465 2025 627 2110 possessio
654 2046 713 2111 per
729 2026 853 2112 priores
878 2031 910 2092 et
926 2023 1079 2108 antiquos
1096 2041 1227 2108 posses·

90 2152 184 2198 sores
204 2152 289 2199 snos
306 2132 418 2200 habita
435 2133 542 2216 extitit
559 2139 590 2198 et
606 2153 768 2220 possessa,
789 2133 894 2200 eidem
913 2130 1031 2198 comiti
1047 2130 1181 2208 Jacobo,
1198 2133 1229 2193 et

91 2259 148 2324 per
165 2261 245 2306 eum
264 2240 334 2307 suis
362 2239 555 2324 heredibus,
581 2239 799 2324 heredumque
831 2260 961 2308 suorum
989 2237 1228 2305 successoribus

91 2349 125 2412 in
140 2347 231 2414 filios
247 2347 389 2414 filiorum
405 2347 574 2431 dedimus,
602 2348 793 2414 donauimns
814 2357 846 2414 et
861 2347 1054 2415 contulimus
1071 2347 1141 2412 iure
1157 2366 1225 2430 per-

91 2459 189 2538 petuo
206 2454 457 2538 possidendam,
469 2454 640 2522 tenendam
653 2455 789 2539 pacifice
800 2455 1100 2523 etirreuooabilitcr
1119 2453 1226 2536 quiete

94 2565 125 2626 ct
139 2561 344 2627 habendam.
377 2562 415 2626 In
434 2562 524 2627 cuins
541 2563 587 2628 rei
613 2561 801 2628 memoriam
827 2569 1080 2647 perpetuamque
1097 2559 1225 2625 tirmite-

94 2673 155 2730 tem
173 2675 350 2752 presentes
367 2667 584 2735 concessimus
605 2668 731 2734 litteras
749 2668 910 2754 duppliois
926 2669 1026 2753 sigilli
1043 2667 1146 2734 nostri
1163 2685 1226 2730 mu-

95 2774 215 2842 nimine
242 2776 423 2842 roborot'os.
455 2775 575 2841 Datum
602 2796 659 2860 per
691 2796 806 2842 manus
838 2775 900 2842 riri
917 2775 1049 2841 discreti
1074 2773 1222 2857 Magistri

93 2880 261 2948 Theodori
277 2881 437 2968 Propositi
465 2882 611 2948 Ecclesie
628 2882 795 2966 Albensis,
827 2884 901 2949 onie
917 2891 1025 2948 nostre
1048 2881 1126 2946 Vico
1143 2879 1223 2946 Gan·

96 2989 222 3073 cellarij
242 2989 353 3056 dilecti
367 2989 513 3056 etiidelis
524 2990 627 3055 nostri
648 3011 732 3056 anno
748 2988 879 3056 Domini
889 2988 998 3056 ΜὊΟ0
1015 2989 1224 3072 nonagesimo

98 3095 255 3180 secundo,
272 3096 376 3180 Regni
393 3102 501 3163 antem
519 3095 620 3162 nostri
635 3116 723 3162 anno
740 3097 893 3163 secundo.
930 3085 932 3099 ’

97 3288 233 3350 (Eredetie
249 3287 425 3356 bd'rhtrtydn,
439 3292 620 3358 privilegialis
633 3289 780 3354 formiban,
795 3292 907 3357 melyrdl
918 3306 935 3341 a
945 3289 1097 3357 uirga-aoid
1109 3292 1224 3355 selysm·

101 3379 223 3432 ssindrcn
238 3381 325 3448 idggd
338 3377 440 3446 kirolyi
459 3379 552 3448 penset
566 3379 623 3435 mir
636 3377 778 3445 lemdllott,
801 3393 818 3428 a
829 3383 944 3432 namneti
969 3397 1093 3432 museum
1106 3377 1221 3430 kdrirst·

592 3468 726 3536 tdrdban.)
