3132 5192
807 349 995 444 zm..

353 557 480 606 sorores
495 537 535 605 dc
551 538 663 606 Insula
679 537 820 623 Virginis
838 535 985 605 Glorioso
1000 558 1099 623 super
1112 537 1262 604 libertate
1287 533 1489 618 populorumv

353 650 385 711 et
399 645 608 730 iobagionum
624 665 754 712 snorum
772 649 886 710 contra
903 644 990 711 ciues
1015 642 1179 710 Budenses
1205 659 1321 726 graues
1346 638 1484 706 iniurias

353 761 385 818 et
400 751 612 820 necessitates
629 771 705 819 suas
721 752 814 820 nobis
831 751 1067 836 exposuissent,
1086 770 1209 833 nosque
1234 770 1276 817 ex
1302 750 1404 833 odicij
1432 767 1484 812 no·

322 909 325 923 .
356 861 414 926 stri
430 861 538 928 debito
555 859 710 926 Comitem
726 858 938 942 Wcmerium,
964 859 1111 927 Judiocm
1138 859 1284 924 eiusdem
1312 853 1431 938 (lustri,
1456 871 1486 932 et

352 965 482 1034 Jnratos
501 968 541 1033 de
553 967 678 1052 eodem,
695 965 739 1032 ad
754 973 897 1033 nostram
913 967 1113 1051 presenciam
1131 967 1262 1031 cuccari
1273 964 1484 1040 fecissemus;

351 1073 495 1158 predicte
511 1093 640 1141 sorores
656 1073 759 1140 Beate
773 1072 920 1156 Virginis
938 1074 979 1139 de
997 1072 1110 1140 Insula
1134 1073 1263 1138 litteras
1290 1065 1480 1154 priuilegia-

352 1176 399 1246 lcs
413 1179 512 1262 Regis
529 1180 677 1246 Ladizlai
693 1199 792 1266 super
807 1179 956 1245 libertate
982 1181 1175 1265 populorum
1200 1199 1330 1244 suorum
1355 1195 1484 1241 conces·

354 1303 410 1350 sas
426 1285 651 1370 exhibuerunt,
668 1307 751 1370 quas
767 1305 827 1352 nos
849 1287 1055 1370 presentibus
1081 1285 1214 1368 eisdem,
1254 1284 1411 1351 videlicet
1436 1279 1486 1345 Ju-

352 1389 424 1457 dice
440 1397 472 1456 et
486 1391 621 1470 duratis,
640 1392 679 1460 de
694 1396 794 1461 uerbo
810 1393 854 1458 ad
869 1393 1004 1462 uerbum
1021 1393 1155 1468 fecimus
1188 1392 1299 1476 relegi,
1317 1395 1417 1476 prout
1435 1408 1484 1471 op·

354 1499 512 1581 portebat.
531 1497 629 1565 Cuius
644 1505 736 1567 tenor
751 1500 828 1565 talis
845 1505 915 1566 est:

461 1604 636 1672 Ladizlaus
678 1607 718 1670 D.
751 1627 799 1690 gr.
834 1607 942 1690 Hung.
975 1607 1036 1673 stb.
1069 1609 1138 1671 Rex
1171 1605 1235 1672 stb.
1269 1599 1482 1690 (kdvetkezilr

350 1709 403 1775 IV.
415 1713 534 1779 Lasuld
562 1712 740 1800 kiralynak
760 1713 902 1802 ,rats-ki
929 1713 1166 1798 privilegiuma,
1194 1713 1277 1777 mint
1302 1711 1481 1794 gyujtemc-

350 1819 463 1904 nytlnk
479 1820 538 1885 IX.
554 1819 671 1904 vagyis
688 1841 709 1885 a
726 1819 878 1888 mosodik
894 1820 1021 1904 folyam
1033 1820 1087 1884 IV.
1102 1820 1278 1885 kdtetdben
1297 1820 1375 1884 203.
1393 1813 1432 1900 l.)

438 1928 507 1994 Nos
518 1927 628 2009 itaque
638 1947 678 1992 ex
688 1925 794 1993 officio
805 1935 914 1993 nostro
926 1926 1033 1991 debito
1043 1925 1206 1991 iusticiam
1219 1924 1400 1990 earundem
1412 1921 1482 1986 reli-

351 2031 514 2114 giosarum
527 2033 728 2099 dominarum
739 2054 882 2101 sororum
899 2032 939 2098 de
949 2032 1060 2098 Insula
1069 2033 1171 2098 Beate
1180 2031 1329 2114 Virginis
1346 2047 1479 2112 cognos-

350 2143 476 2205 soentcs
490 2188 498 2220 ‚
510 2158 647 2220 quarum
660 2139 762 2206 eciam
774 2139 814 2204 dc
824 2140 962 2226 speciali
972 2138 1126 2205 mandato
1138 2137 1261 2203 domini
1272 2138 1364 2221 Papo
1375 2151 1482 2201 sumus

350 2251 559 2328 protectores,
572 2252 604 2311 et
615 2247 738 2330 pariter
746 2247 928 2331 prouisores
940 2247 980 2312 de
993 2243 1127 2330 negocio
1154 2245 1313 2331 premisso
1330 2241 1481 2308 duximus

349 2350 600 2417 moderandum:
633 2354 674 2419 Vt
702 2353 857 2438 deinceps
873 2353 959 2419 idem
976 2353 1082 2421 Judex
1098 2361 1129 2420 et
1146 2352 1254 2418 durati
1273 2373 1313 2418 ac
1339 2345 1481 2418 uniuersi

349 2456 437 2524 ciues
447 2456 487 2522 de
498 2457 611 2525 Castro
629 2459 771 2526 Budensi
789 2459 923 2543 populos
938 2460 1159 2544 predictarum
1175 2479 1324 2526 sororum
1335 2451 1480 2539 Virginis

352 2561 501 2630 Gloriosc
512 2573 624 2632 contra
633 2567 815 2633 libertatem
827 2567 875 2633 eis
888 2587 1076 2634 concessam
1087 2587 1152 2632 non
1163 2571 1306 2652 possent,
1317 2585 1380 2631 nec
1390 2563 1480 2628 debe·

349 2673 421 2736 rent
435 2671 468 2736 in
484 2671 595 2754 aliquo
612 2673 767 2756 iudicare,
785 2695 844 2742 nec
868 2675 953 2740 alios
980 2673 1024 2739 ad
1049 2674 1180 2741 easdem
1209 2679 1398 2758 spectantes
1428 2667 1480 2734 ali-

348 2783 507 2860 quatenus
523 2780 704 2866 molestare,
721 2782 772 2847 uel
789 2781 1047 2849 iurisdiccionem
1072 2781 1215 2864 aliquam
1242 2781 1369 2848 eisdem
1396 2793 1478 2845 exer-

348 2901 432 2948 cere.
450 2881 545 2960 Quod
561 2891 593 2950 et
608 2887 711 2952 eciam
727 2887 834 2952 ‚ludex
851 2893 883 2953 et
897 2885 1034 2971 predicti
1050 2888 1158 2956 Jurati
1174 2887 1302 2973 prefate
1329 2883 1478 2952 Ciuitatis

347 2989 590 3074 presencialiter
605 3012 641 3058 se
656 2991 872 3076 promiserunt
881 2995 1074 3077 obseruare3
1103 2999 1382 3078 assumpmsutes‚
1394 2987 1476 3074 quod

346 3095 483 3180 populos
500 3097 676 3162 earundem
695 3096 895 3185 dominarum
913 3100 947 3163 in
973 3100 1065 3164 nullo
1093 3119 1170 3166 casu
1197 3098 1397 3182 iudicarent,
1423 3115 1477 3162 nec

345 3201 448 3268 eciam
463 3209 677 3286 agrauarcntp
695 3202 802 3268 sedin
819 3203 904 3269 omni
921 3223 980 3268 suo
997 3203 1068 3269 iure
1092 3205 1320 3288 permitterent
1344 3203 1476 3289 pacifice

346 3316 379 3374 ct
394 3309 501 3392 quiete
516 3329 705 3393 permanere
720 3305 895 3374 secundum
911 3307 998 3391 quod
1014 3310 1150 3376 libertas
1166 3312 1346 3378 eorundem
1380 3327 1475 3394 popu·

344 3415 451 3479 lorum
465 3414 499 3478 in
514 3413 630 3479 litteris
647 3413 790 3480 eiusdem
806 3415 903 3496 Regis
920 3415 1068 3482 Ladialai
1095 3417 1292 3482 continetur.
1320 3418 1359 3481 Iu
1386 3415 1474 3480 cuins

348 3519 396 3584 rci
412 3519 601 3583 memoriam
618 3526 649 3583 et
674 3527 860 3604 perpetuam
887 3519 1073 3586 firmitatem
1100 3529 1230 3588 nostras
1256 3520 1475 3589 concessimus

345 3621 472 3686 litteras
488 3621 588 3704 sigilli
605 3624 705 3688 nostri
721 3624 876 3691 autentici
892 3626 1092 3710 appensione
1109 3627 1339 3696 communitas.
1357 3626 1472 3693 Datum

347 3745 433 3790 anno
449 3725 581 3791 Domini
598 3727 879 3796 M⁰CG⁰LXXXX⁰
890 3731 1040 3800 secundo.

347 3919 484 3984 (Eredstie
500 3919 673 3987 bdrhirtydm
687 3924 799 3989 melyrdl
823 3927 976 3978 zdld-rdrds
994 3926 1226 3991 sclycmasindrcn
1249 3932 1318 3995 fltgg
1343 3945 1378 3982 aa
1400 3929 1472 3982 drsek

571 4009 690 4076 pocsetje
702 4031 708 4074 ;
722 4027 738 4062 n
751 4013 833 4064 budai
848 4015 899 4066 luir.
913 4016 1037 4066 kamarai
1051 4013 1246 4082 levdltrirban.)

796 4295 1008 4310 m
