3132 5192
571 255 730 372 qna—4
745 335 749 340 ,

70 461 246 531 landinus
267 464 385 533 Cantor
399 465 640 548 Strigoniausis‚
657 465 813 548 Magister
837 466 979 534 Jacobus
1003 466 1212 536 Archidiaeo-

70 592 131 637 uus
147 571 192 637 de
221 575 406 658 Kamarun,
433 574 589 656 Magister
616 573 802 640 Domiuieus
827 573 1015 658 Propositus
1032 575 1213 642 Waoiensis

69 678 280 745 uenerabilis
297 678 399 762 patris
414 667 534 744 domiui
551 678 732 764 Lodomerij
751 679 813 744 Dei
829 678 941 762 gracia
957 677 1211 766 archyepiscopi

72 786 324 868 Strigoniensis
354 785 585 871 Cancellarius,
607 785 765 868 Magister
797 785 989 852 Franciscus
1020 773 1206 870 Prepositns

72 891 189 957 Sancti
207 887 350 980 Thome,
368 899 400 959 et
417 893 515 960 ceteri
532 894 682 978 superius
699 891 856 958 nominati
883 894 1028 977 ipsarum
1054 895 1211 978 strigoni-

71 999 158 1064 ensis
176 1007 213 1064 et
244 1000 358 1066 Sancti
383 999 506 1066 Tbome
531 999 749 1067 Ecclesiarum
775 1007 999 1082 procuratores
1025 1003 1210 1086 earundem,

72 1111 308 1190 procuratorio
334 1109 464 1175 nomine
488 1108 697 1196 iurauerunt,
730 1108 897 1194 premissa,
930 1108 1055 1176 scilicet
1085 1110 1210 1196 domus,

10 1287 16 1294 ,
70 1215 260 1302 inkyliuos,
277 1239 408 1285 mansos
425 1224 457 1284 et
473 1217 721 1298 mansionarios
738 1236 930 1300 quocunque
947 1216 1076 1284 nomine
1102 1239 1208 1286 oense·

70 1331 179 1408 antur,
198 1324 310 1410 ipsius
326 1323 522 1393 venerabilis
538 1323 640 1412 patris
656 1325 924 1411 Archyepisoopi,
940 1325 1080 1411 Capituli
1097 1328 1158 1410 sui,
1179 1333 1210 1392 et

71 1432 226 1500 lloclesie
246 1435 361 1502 Sancti
379 1433 503 1500 Thome
517 1434 598 1500 iuris
615 1453 697 1518 esse,
715 1433 805 1499 nulla
830 1433 1031 1519 inposterum
1056 1435 1209 1517 malignis

71 1539 214 1628 Judicis,
235 1540 259 1609 J
262 1549 425 1609 uratorum
441 1548 473 1608 et
489 1541 614 1609 Cinium
630 1541 938 1627 machyuaoiouibus
956 1542 1153 1624 ambiguitas
1177 1550 1210 1608 ot

75 1647 312 1734 calumpniosa
343 1649 543 1716 concertacio
569 1651 677 1718 ualeat
708 1648 865 1732 suboriri;
892 1647 1056 1736 predictos
1083 1649 1209 1735 fundos,

72 1777 180 1844 areas,
199 1755 330 1844 domos,
347 1757 462 1843 curias,
480 1757 714 1826 mansionarios
732 1758 917 1844 censuales,
932 1777 993 1840 que
1018 1759 1128 1823 omnia
1153 1777 1209 1844 per

74 1863 271 1948 Magistrum
288 1866 484 1934 Demetrium
501 1865 699 1933 Oanouioum
717 1865 900 1951 Albensem,
917 1865 1112 1932 familiarem
1138 1868 1208 1934 (ile-

73 1973 174 2038 ricum
192 1975 322 2042 Domus
338 1981 458 2062 nostre,
485 1982 518 2041 et
540 1973 722 2042 Johanuem
750 1973 883 2041 fratrem
899 1973 1015 2061 Botyz,
1047 1973 1207 2040 hominem

75 2079 242 2150 Dominici
258 2083 408 2166 Magistri
424 2083 678 2150 Tauarnioorum
703 2087 884 2150 nostrorum
911 2081 1108 2147 reambulari
1135 2081 1208 2146 leoi-

75 2205 155 2274 mus,
173 2193 209 2254 et
227 2189 264 2254 in
280 2190 401 2256 nostris
416 2189 530 2256 litteris
551 2191 722 2274 annotari;
750 2189 891 2254 omnium
917 2189 1050 2271 inquam
1076 2187 1209 2273 premis-

76 2311 184 2360 sorum
201 2295 325 2363 iurium
341 2298 473 2365 nomina
498 2295 540 2364 ad
565 2297 744 2362 uberiorem
769 2295 949 2362 futurorum
975 2296 1136 2361 cautelam
1162 2297 1207 2362 in·

78 2403 272 2471 terserenda
288 2406 493 2490 presentibus
509 2405 692 2472 censuimus
708 2402 869 2488 seriatim;
885 2402 991 2468 etheo
1007 2403 1137 2487 quidem
1163 2403 1205 2470 de

77 2511 259 2592 prenotatis
286 2511 404 2577 Sancte
417 2509 646 2595 Strigoniensis
673 2510 818 2577 Ecclesia
843 2509 976 2595 iuribus,
1009 2531 1050 2576 ne
1081 2509 1207 2578 scilicet

1 2609 2 2612 '
80 2635 133 2700 per
148 2618 241 2688 ciues
256 2619 301 2688 ad
316 2619 441 2688 Judicis
456 2627 489 2686 et
503 2619 523 2685 J
526 2625 686 2685 oratorum
711 2637 843 2685 suorum
860 2615 1050 2706 (Judieium)
1077 2620 1207 2685 valcant

79 2727 217 2813 euocari,
234 2727 290 2793 vel
305 2727 484 2808 collectam,
499 2723 564 2811 ipsi
580 2725 713 2792 ciuitati
730 2725 943 2808 Strigonieusi
960 2725 1126 2813 indictam,
1153 2747 1203 2792 oo·

1 2879 2 2888 κ
82 2833 208 2900 cesione
224 2834 340 2918 aliqua
355 2833 486 2919 exigere
511 2835 643 2899 ualeant
667 2833 709 2898 ab
733 2831 873 2918 eisdem;
899 2829 939 2896 do
965 2831 1118 2920 antiquis,
1143 2853 1206 2916 quc

81 2943 238 3026 premissa
255 2949 340 3027 sunt,
356 2961 421 3008 non
439 2941 478 3006 de
503 2940 630 3006 nouiter
655 2939 832 3023 acquisitis,
858 2938 942 3004 siout
967 2947 1017 3005 est
1040 2939 1205 3026 palacium

83 3047 207 3112 domine
223 3049 347 3134 Zenye,
365 3047 417 3112 vel
433 3048 568 3113 ulterius
585 3046 677 3112 iustis
692 3045 888 3128 quibuslibet
911 3043 1014 3111 titulis
1038 3047 1205 3129 acquiren-

84 3151 130 3218 dis
144 3175 225 3221 sano
241 3155 355 3222 sentiri
371 3157 518 3222 volumus
535 3153 707 3221 intellectu.
734 3152 817 3218 Nam
844 3151 948 3235 ipsum
975 3153 1146 3236 palacium,
1174 3162 1205 3218 ct

3 3319 4 3322 ,
84 3261 145 3326 alia
188 3265 331 3346 quelibet
360 3263 495 3329 ulterius
527 3259 743 3347 acquirenda,
784 3266 939 3343 quantum
972 3259 1016 3325 ad
1047 3260 1201 3326 colteetas

86 3386 266 3439 communes
284 3379 317 3440 et
342 3391 462 3438 causas
486 3371 683 3438 iudicialiter
708 3367 951 3454 examinandas,
976 3367 1136 3435 communi
1162 3370 1203 3434 ci·

86 3476 166 3564 oium
192 3479 463 3564 Strigoniensium
494 3480 566 3564 lege
590 3478 704 3544 merito
736 3475 963 3543 censebuntur.
990 3477 1070 3542 Jura
1096 3483 1203 3541 autom

86 3581 163 3651 iutra
179 3585 335 3655 fossatum
350 3587 543 3671 singillatim
559 3587 725 3652 nominata
743 3593 817 3652 sunt
843 3585 919 3650 heo:
937 3583 1089 3650 uidelicet
1113 3584 1203 3670 pala-

86 3691 164 3756 cium
180 3693 299 3762 Jaeobi
316 3695 483 3780 institoris,
499 3701 531 3759 et
549 3693 660 3758 domus
679 3690 795 3759 Oboka
811 3692 948 3757 sartoris
964 3691 996 3755 iu
1022 3712 1089 3757 uua
1113 3693 1203 3759 ouria

89 3797 288 3885 iobagionum
305 3803 449 3870 eiusdem
466 3799 587 3867 domini
603 3800 862 3886 Archyepisoopi
879 3800 922 3865 ad
939 3801 1008 3866 eius
1034 3799 1202 3866 cellarium

88 3908 296 3995 pertinentes3
314 3911 392 3977 item
409 3910 499 3976 curia
525 3917 557 3975 et
581 3909 694 3976 domus
720 3906 869 3974 Ladizlai
901 3907 960 3990 filij
993 3909 1140 3990 Doukus,
1171 3917 1203 3972 et

91 4013 216 4084 duorum
232 4019 486 4086 seldeuariorum
513 4037 660 4102 suorum3
687 4017 763 4082 item
788 4016 908 4084 ibidem
934 4015 1049 4081 domus
1075 4015 1200 4100 Jacobi,

92 4141 145 4202 que
160 4125 218 4193 luit
235 4126 399 4212 quondam
417 4123 496 4193 Isak
513 4126 553 4191 de
569 4123 716 4211 Koaehy3
736 4132 768 4192 et
783 4123 895 4191 domus
924 4126 1057 4190 filiorum
1075 4121 1201 4188 Fulkus

91 4227 118 4294 iu
134 4255 193 4302 uua
208 4237 299 4302 ouria
316 4237 508 4319 constitute;
530 4236 605 4300 item
623 4233 736 4300 domus
762 4233 897 4317 Damoi5
929 4237 961 4298 et
994 4232 1106 4297 domus
1134 4231 1201 4315 My-

92 4337 201 4409 ohaelis
216 4345 362 4430 sartoris,
380 4345 413 4409 in
431 4364 496 4411 uua
511 4344 600 4409 ouria
616 4343 807 4427 constitute;
834 4340 947 4406 domus
971 4337 1085 4404 Heneh
1111 4337 1200 4422 pelli·

93 4449 175 4535 parij,
190 4475 250 4537 que
267 4453 430 4537 quondam
445 4453 505 4520 suit
530 4451 644 4518 domus
677 4450 795 4537 thyl,
822 4449 909 4515 circa
934 4455 1058 4533 portam
1092 4451 1199 4530 pontis

96 4555 192 4625 Sancti
209 4563 378 4646 Laureneij
396 4585 417 4630 a
434 4563 665 4652 septemtrione
678 4585 686 4648 ;
701 4564 778 4628 item
803 4559 921 4626 ibidem
948 4557 1061 4628 domus
1086 4559 1200 4626 Kunoh
