3132 5192
526 467 535 475 .
568 335 680 472 ..aaa

32 563 125 629 clesie
141 563 398 649 Strigouiensis,
415 562 570 646 Magister
586 560 798 648 Seraphynus
814 560 1003 647 Prepositus
1019 559 1171 624 Ecclesia

31 671 256 754 Posoniensis,
273 673 429 756 Magister
445 669 678 753 erundynus
706 667 847 735 Cantore
874 667 1019 733 Ecclesie
1044 666 1163 748 Strigo·

33 780 161 864 niensis,
181 779 346 862 Magister
370 777 512 845 Jacobus
539 775 806 862 Arebydiaconus
831 773 872 842 de
897 777 1072 859 Kamarun,
1097 773 1165 838 Ma·

28 890 126 972 gister
146 887 324 956 Emericus
340 885 532 969 Prepesitus
547 883 694 952 Ecclesia
720 885 833 950 Sancti
859 883 992 968 Georgij
1020 881 1062 948 de
1087 881 1167 948 Stri-

32 995 137 1082 gonio,
155 995 324 1079 Magister
350 994 526 1077 Gregorius
552 992 654 1059 frater
678 992 812 1059 Comitis
828 993 957 1076 (leeney
982 991 1023 1056 de
1049 1009 1167 1072 genere

30 1105 197 1189 Katupan,
217 1101 418 1168 Laurencius
436 1108 468 1166 et
493 1101 652 1186 Anyanus
678 1099 837 1184 Magistri,
866 1100 980 1165 Petrus
1005 1101 1166 1180 Decauus,

31 1219 61 1278 et
74 1210 243 1294 Magister
260 1209 451 1276 Dominicus
467 1208 655 1293 Propositus
670 1207 862 1293 Waciensis,
894 1207 1050 1289 Magister
1074 1203 1167 1270 Nico·
1207 1223 1213 1234 ·

30 1318 111 1399 laus,
130 1323 165 1382 et
182 1317 344 1402 Magister
353 1315 545 1381 Franciscus
556 1315 746 1400 Propositus
762 1311 909 1380 eiusdem
924 1311 1070 1379 Ecclesia
1081 1312 1165 1404 Sau-¹

32 1425 71 1492 cti
86 1425 228 1508 Thomu,
247 1423 403 1490 canonici
420 1423 566 1490 Ecclesia
582 1421 827 1509 strigoniensis,
844 1441 901 1487 sno
919 1425 951 1487 et
976 1421 1081 1486 tocius
1107 1419 1166 1486 Oa·

30 1533 120 1616 pituli
137 1531 392 1616 strigoniensis,
408 1531 620 1613 Ecclesieque
635 1531 745 1596 Sancti
763 1529 887 1595 Thome
922 1528 961 1592 de
977 1530 1166 1596 Promonto-

32 1643 78 1708 ric
109 1639 336 1724 Strigoniensi
367 1642 506 1726 nomine,
540 1643 631 1707 insta
661 1661 797 1707 examen
814 1640 917 1706 nostri
933 1639 1072 1726 Judioij,
1098 1659 1170 1724 pre-

33 1757 122 1816 sente
157 1747 304 1815 discreto
329 1749 399 1814 viro
425 1747 581 1830 Magistro
615 1747 785 1816 Theodoro
810 1747 981 1832 Proposito
1011 1747 1165 1812 Albensis

33 1857 181 1923 Ecclesia
198 1857 275 1922 aule
291 1863 401 1922 nostre
418 1855 722 1939 Viae-Cancellario,
739 1855 782 1922 ad
799 1856 860 1922 hoc
876 1876 897 1920 a
921 1855 1015 1920 nobis
1041 1853 1166 1939 specia·
1243 1920 1246 1927 ,

33 1966 102 2030 liter
118 1963 293 2048 deputato,
311 1983 418 2029 eoram
435 1961 598 2045 religiosis
623 1963 702 2028 viris
728 1961 893 2046 Wytkone
917 1963 1018 2026 t'ratre
1043 1963 1167 2026 Domus

34 2072 228 2158 Hospitalis,
241 2073 342 2138 fratre
352 2072 499 2156 Nycolao
517 2071 671 2154 Magistro
688 2069 923 2138 Gracilerorum
940 2068 1052 2136 Sancti
1063 2069 1163 2152 Regis

36 2179 191 2265 Stephani
210 2180 251 2245 de
268 2178 443 2266 Strigonio,
459 2186 491 2244 et
506 2179 774 2245 Banlronefratre
791 2177 945 2263 eiusdem,
972 2178 1006 2242 iu
1033 2178 1160 2262 capella

37 2287 146 2353 Sancti
163 2287 285 2375 Blasij,
302 2288 335 2352 in
351 2285 449 2352 Curia
464 2286 646 2371 Hospitalis
661 2297 741 2371 aput
765 2286 964 2370 Strigouium
990 2287 1161 2370 existente,

41 2397 190 2476 quamuis
208 2417 249 2463 ex
264 2394 544 2478 superhabundati
560 2394 737 2460 indictuum
748 2415 807 2480 per
822 2415 882 2459 nos
897 2394 1104 2481 iudicialiter,
1115 2415 1168 2462 vo-

39 2503 115 2570 catis
130 2503 270 2588 quidem
286 2521 327 2568 ox
351 2500 473 2569 eisdem
500 2502 631 2568 Ciuibus
657 2523 698 2568 ex
723 2501 876 2568 mandato
893 2511 1012 2586 nostro,
1039 2503 1096 2569 sed
1128 2522 1164 2569 se

40 2612 272 2678 contumaciter
288 2609 546 2698 absentantibus,
563 2616 747 2677 nectamen
763 2608 954 2695 predictam,
971 2611 1011 2676 dc
1037 2613 1167 2696 prefato

40 2717 218 2786 iuramento
235 2718 315 2804 ipsis
330 2717 532 2804 presentibus
548 2718 582 2782 in
598 2719 705 2801 figura
720 2717 838 2802 Judicij
855 2739 914 2802 per
941 2725 1083 2784 nostram
1103 2719 1168 2782 Ma·

43 2825 185 2894 iestatem
203 2827 325 2894 iactam
342 2825 585 2893 ordinacionem
602 2825 839 2911 ignorantibus,
866 2826 1075 2912 prestiterunt
1100 2847 1166 2892 cor-

40 2935 197 3016 poraliter
212 2935 439 3015 iuramentum,
457 2932 542 3016 quod
566 2934 652 3000 idem
680 2935 877 3000 venerabilis
901 2941 995 3018 pater
1021 2935 1168 3000 dominus

46 3041 324 3128 archyepiscopus
339 3048 371 3107 et
386 3041 571 3126 Capitulum
589 3041 821 3124 strigoniense,
853 3061 894 3107 ac
918 3042 1066 3107 Ecclesia
1090 3042 1168 3105 San-

45 3147 83 3214 cti
98 3151 224 3216 Tbome
240 3170 261 3216 a
278 3149 474 3236 temporibus
491 3149 672 3234 retroactis,
689 3169 826 3232 quorum
842 3151 998 3214 memoria
1009 3169 1073 3214 non
1084 3149 1165 3215 exis-

45 3256 89 3340 tit,
104 3257 236 3324 iuerunt
264 3257 298 3321 in
323 3257 527 3342 possessione
552 3257 694 3322 omnium
720 3257 946 3343 premissorum
973 3275 1044 3321 cnm
1073 3258 1168 3341 pleno

45 3362 109 3428 iure
123 3365 336 3451 proprietatis
348 3372 380 3431 et
406 3365 554 3450 perpetui
572 3363 718 3450 domiuij,
735 3373 830 3450 prout
861 3363 1031 3428 multorum
1058 3383 1169 3449 progc-

47 3471 177 3536 ultorum
192 3479 385 3557 nostrorum,
403 3471 575 3538 illustrium
601 3473 724 3554 Regum
750 3471 854 3555 Regni
881 3469 1058 3559 Hungarie,
1084 3473 1168 3538 anti·

48 3599 104 3661 qua
119 3589 152 3646 et
168 3601 257 3646 noua
272 3599 331 3664 per
347 3579 558 3646 succedentes
576 3582 691 3664 Reges,
707 3579 853 3665 tritauos,
871 3587 997 3664 stauos,
1014 3599 1166 3665 proauos,

48 3705 184 3770 auosque
201 3694 327 3752 nostros
353 3685 440 3752 omni
466 3687 663 3773 excepcione
688 3687 812 3753 maiora
839 3693 871 3753 et
888 3689 960 3752 luce
986 3686 1168 3752 meridiana

50 3792 177 3860 clariora
192 3793 390 3860 luculentius
405 3793 550 3860 indicant
577 3795 800 3861 instrumenta.
827 3794 880 3859 Ad
905 3815 1039 3880 quorum
1065 3795 1167 3861 eciam

1 3915 2 3919 ¹
52 3899 205 3967 maliciam
233 3919 276 3964 ex
292 3899 376 3966 uiuis
393 3899 577 3966 raciouibus
596 3905 627 3966 et
644 3901 752 3967 causis
769 3902 949 3985 perspicuis
976 3903 1167 3968 conuincen-

50 4001 123 4092 dam,
141 4007 220 4074 satis
238 4007 388 4074 sufficere
412 4014 584 4091 potuerunt
609 4013 796 4093 perpetrate
820 4028 878 4093 per
903 4028 959 4073 eos
984 4014 1167 4074 nostrarum

50 4109 274 4180 diffinicionum
291 4115 568 4197 transgressiones
584 4121 616 4180 et
633 4114 865 4199 obligaciones,
882 4113 1166 4181 consencientibus

52 4225 105 4284 tam
120 4225 191 4306 ipso
206 4219 386 4287 venerabili
402 4228 494 4303 patre
510 4226 542 4286 et
560 4219 711 4305 Capitulo
728 4241 797 4307 suo,
816 4240 912 4302 quam
942 4219 1084 4304 Ciuihus,
1111 4238 1169 4302 per

53 4347 102 4394 uos
118 4329 321 4414 interposite,
353 4328 437 4394 inter
454 4336 574 4412 partes.
592 4328 672 4392 Cum
689 4328 772 4394 euim
790 4345 847 4412 per
873 4333 1015 4393 nostram
1043 4326 1167 4392 Sereni·

53 4439 140 4502 tatem
159 4435 359 4524 impositum,
375 4443 407 4501 et
430 4457 487 4521 per
505 4442 815 4521 utramquepartem
841 4441 967 4520 sponte,
993 4434 1119 4520 ydonee
1135 4440 1171 4498 et

52 4541 241 4636 simpliciter,
263 4546 336 4613 sine
351 4545 467 4631 quaeis
484 4544 710 4630 refragacioue
725 4545 822 4610 fuerit
838 4551 1050 4629 assumptum,
1068 4547 1101 4606 vt
1110 4541 1169 4606 lite

52 4654 199 4732 pendente
214 4653 316 4720 nichil
332 4655 464 4722 omniuo
479 4655 513 4720 in
528 4654 715 4722 alterutrius
742 4651 847 4738 partis
870 4649 1087 4737 preiudicium
1114 4648 1168 4716 de·
