3146 5192
841 322 992 440 prr-

345 525 509 618 predictns
523 525 721 597 Benedictus
736 526 841 614 ipsam
857 529 1052 615 particulam
1069 535 1154 599 terre
1181 549 1241 596 sne
1268 527 1417 614 emptioie
1439 525 1469 592 in

343 639 495 725 Dersyne
510 635 712 724 existentem,
728 634 771 703 ad
787 657 880 703 veum
896 643 1038 721 quatuor
1054 645 1241 706 aratrorum
1253 635 1469 719 sufficientem,

344 765 442 830 quam
458 743 646 814 memoratis
663 741 804 830 (Herbe)
822 741 887 810 filio
904 743 1062 812 Kalmani
1078 752 1112 814 et
1128 743 1235 814 Adam
1252 743 1325 812 filio
1355 743 1469 812 llatbic

343 852 564 922 mediantibus
580 849 741 939 prioribus
757 851 874 920 litteris
891 853 1014 920 nostris
1031 871 1091 940 pro
1107 853 1210 922 tribus
1227 850 1354 919 marcis
1377 851 1474 918 Bana-

347 961 434 1030 libns
451 982 473 1028 a
488 979 523 1028 se
539 961 637 1046 plene
653 959 776 1028 habitis
791 965 827 1027 et
836 961 978 1045 receptis
994 979 1096 1046 usque
1121 961 1164 1028 ad
1189 959 1333 1028 terciam
1360 958 1476 1026 reuolu-

346 1067 471 1135 oionem
486 1065 563 1134 testi
578 1065 771 1134 Natiuitatis
786 1066 880 1134 Beati
897 1065 1059 1134 lobannis
1075 1066 1226 1152 Baptista
1242 1065 1380 1153 pignori
1407 1065 1476 1132 ohli-

348 1182 498 1263 ganerat,
516 1175 655 1242 eandem
670 1173 867 1260 particulam
883 1179 969 1242 terre
984 1194 1026 1241 ex
1042 1173 1177 1242 arbitrio
1193 1173 1333 1260 proprie
1349 1193 1408 1240 sne
1430 1193 1477 1240 uo

347 1281 485 1350 luntatis
502 1303 523 1350 a
541 1285 626 1350 festo
652 1281 900 1368 Assumpcionis
927 1283 1031 1352 Beate
1057 1282 1207 1369 Virginis
1232 1279 1388 1369 proxime
1411 1301 1479 1348 ren-

347 1397 421 1457 tnro
448 1410 553 1474 usquc
569 1390 614 1457 ad
630 1390 764 1458 terciam
781 1391 1022 1459 renoluoionem
1032 1390 1179 1460 eiusdem
1190 1389 1268 1459 sesti
1278 1390 1479 1477 Assumpcio·

348 1500 398 1566 nis
413 1497 545 1581 reliquit
561 1504 593 1564 ct
608 1498 756 1584 permisit
771 1499 960 1587 tenendam,
979 1499 1165 1569 hahendam
1191 1506 1225 1567 et
1251 1495 1481 1585 possidendam

350 1607 443 1671 iuxta
458 1603 596 1672 formam
612 1609 645 1671 et
659 1611 779 1674 statum
795 1606 947 1692 priorum
963 1615 1149 1674 nostrarum
1165 1607 1355 1674 litterarum
1371 1605 1414 1672 ad
1427 1605 1480 1670 hcc

350 1721 574 1780 emanaturum
590 1714 714 1783 eisdem
731 1715 799 1782 lilio
816 1715 976 1782 Kalmani
993 1721 1026 1784 et
1041 1715 1156 1802 Adam,
1181 1716 1238 1800 qni
1264 1713 1418 1783 similiter
1439 1713 1481 1780 sio

350 1841 422 1888 esse
438 1823 617 1908 voluerunt,
634 1822 741 1889 medio
757 1828 901 1908 tempore
916 1807 1026 1889 tamen
1043 1823 1165 1890 nullam
1181 1823 1392 1890 incurrentes
1416 1841 1480 1905 gra-

351 1930 499 1997 uitatem.
515 1929 715 1998 Adiecerunt
732 1929 835 1997 eciam
862 1938 989 2016 partes,
1014 1930 1101 2015 quud
1126 1931 1328 2000 adueniente
1353 1928 1480 1996 termino

352 2035 527 2106 solucionis
543 2043 714 2122 prenotate
739 2038 853 2106 Comes
879 2039 1027 2106 lacobus
1055 2040 1141 2106 tilius
1167 2037 1327 2125 Haholdi,
1355 2037 1407 2104 vel
1429 2033 1480 2117 fil'll

351 2145 511 2225 eiusdem,
527 2145 727 2213 exhibitores
742 2145 858 2212 barum
875 2145 1060 2213 litterarum
1087 2167 1188 2234 super
1214 2147 1291 2232 ipsa
1319 2141 1479 2213 solucione

351 2250 805 2340 conlectarnm,persolnendo
821 2253 995 2338 pecuniam
1012 2254 1164 2340 superins
1189 2253 1396 2321 nominatam
1420 2249 1478 2317 sint

353 2359 396 2426 ad
412 2362 583 2446 negocium
599 2369 781 2446 presentem
807 2361 992 2447 accepturi5
1018 2368 1126 2430 cetera
1150 2363 1235 2429 siout
1260 2363 1297 2428 in
1323 2357 1476 2446 prioribus

352 2466 469 2535 litteris
483 2467 604 2535 nostris
621 2467 814 2553 continetur,
833 2475 972 2553 excepta
987 2469 1234 2556 prorogseione,
1246 2465 1477 2555 permanendo.

352 2577 473 2643 Datum
490 2583 584 2644 sexta
599 2575 683 2642 teria
699 2576 848 2662 proxima
863 2585 938 2662 post
953 2583 1088 2645 octabas
1098 2577 1291 2646 Natiuitatis
1318 2575 1412 2644 Beati
1428 2571 1476 2638 Jo-

354 2684 474 2752 hannis
491 2685 642 2772 Baptistc
658 2704 744 2752 anno
761 2683 892 2752 Domini
908 2683 1028 2752 untur
1044 2685 1256 2770 nonagesimo
1272 2692 1403 2753 octauo.

355 2881 499 2958 (Eradetic
531 2881 670 2950 'Semhery
697 2880 766 2936 ncta
789 2881 820 2933 rir
843 2880 1051 2948 lerdltsirrtbtn3
1074 2881 1156 2934 ndbai
1178 2883 1251 2935 Rath
1273 2880 1381 2947 Kdroly
1405 2876 1469 2932 tort·

859 2971 977 3042 mdnpe.)

817 3261 1028 3274 ..s—...m-*a

359 4009 390 4078 A
407 4013 613 4101 aomopyvdri
627 4009 818 4078 tonuerunt
833 4009 1105 4095 bizonpso‘plesele,
1131 4005 1216 4093 hopy
1240 4005 1378 4072 Dorowe'
1398 3995 1474 4066 Sala·

360 4146 433 4190 mora
449 4135 556 4190 auster
583 4123 698 4209 lodaya
725 4118 847 4205 Atrych
872 4117 1094 4182 liberantium
1120 4113 1327 4194 attalmsval,
1351 4109 1420 4177 uati
1445 4104 1471 4168 tt

479 4229 670 4317 jsqycsdrtek
686 4225 862 4312 Deuedyda
888 4225 1041 4312 helyse'pct
1067 4220 1242 4308 dteopedte.
1261 4217 1360 4284 1298.

465 4423 683 4514 (O)0nnentus
700 4422 887 4506 Monastcrij
907 4419 1020 4488 Sancti
1037 4417 1150 4503 Egidii
1168 4415 1209 4482 de
1226 4413 1376 4498 Simigyo
1392 4401 1472 4477 omni·

358 4533 419 4600 bos
436 4533 555 4601 Christi
573 4531 721 4601 tidelibus
740 4538 807 4596 tarn
823 4528 1028 4618 presentibus
1054 4547 1152 4612 qnam
1179 4519 1295 4588 futuris
1324 4519 1472 4608 presentet

357 4639 483 4707 litteras
500 4639 694 4724 inspecturis
711 4637 845 4705 saltitem
863 4636 896 4704 in
913 4637 1028 4704 salutis
1040 4639 1182 4702 auctora.
1194 4627 1245 4698 Ad
1256 4628 1468 4698 vnincrsornn
