3124 5194
525 341 686 454 „Q

50 533 85 612 de
97 543 182 612 cunni
198 543 341 613 collecta
357 553 390 613 et
405 544 624 631 qualicunque
640 545 824 632 exaccione,
841 546 955 632 quein
972 544 1085 631 Regno
1110 563 1167 618 no·

49 659 108 722 stro
130 651 199 718 lieri
226 660 476 742 consueuerunt‚
500 653 542 722 de
566 661 679 722 nostra
704 653 817 740 maela
846 654 987 742 pleniori
1015 654 1170 724 duximus

48 758 484 845 perpetualiter'eximendos.
495 760 588 829 Adeo
598 761 805 847 plene‚quod
820 761 952 829 racione
968 761 1090 830 nullius
1106 763 1172 830 col·

48 868 122 932 lecte
136 866 190 933 vel
210 867 397 934 exaccionis
414 875 482 936 tum
498 866 704 935 denariorum
720 887 818 952 quam
828 867 1019 936 victualium
1030 867 1172 935 debeant

48 975 217 1060 molestari,
244 993 306 1042 nec
331 975 449 1060 aliquis
473 975 526 1043 vel
552 975 654 1060 aliqui
678 975 860 1042 huiusmodi
886 975 1094 1044 collectarum
1119 976 1173 1044 nel
1253 1061 1257 1074 .

47 1081 226 1150 victualium
243 1090 416 1151 exactores
436 1083 470 1149 in
495 1081 676 1170 predictam
699 1083 846 1151 Insulam
872 1082 916 1152 ud
941 1083 1002 1150 heo
1029 1081 1171 1152 dicanda

47 1191 92 1258 nel
106 1189 273 1276 exigenda
290 1190 515 1262 admittantur.
532 1191 689 1258 Volumus
706 1191 809 1258 eciam
825 1197 857 1258 et
870 1189 1067 1277 ordinamus,
1083 1189 1171 1275 quod

47 1296 138 1385 Prior,
154 1304 214 1366 aut
231 1297 365 1380 fratres,
381 1300 498 1383 quibus
515 1319 592 1368 eura
602 1297 790 1383 Monesterij
810 1298 1012 1386 prelatorum
1022 1317 1170 1365 sororum

46 1403 134 1471 luerit
159 1406 355 1491 commissa,
370 1408 412 1474 ab
438 1406 698 1474 inhabitantibus
710 1409 815 1492 ipsam
841 1405 982 1473 insulam
1008 1423 1172 1491 expensus

45 1512 163 1596 aliquas
190 1513 379 1581 moderatas
394 1511 449 1580 nel
465 1512 620 1582 collectus
635 1512 764 1601 possint
779 1513 814 1578 iu
830 1511 1009 1580 subsidium
1041 1511 1172 1597 sepedi·
1234 1504 1238 1510 ’

46 1626 159 1688 ctamm
177 1617 382 1687 dominarum
398 1620 540 1708 exigere,
557 1621 687 1706 quando
703 1619 826 1688 eisdem
842 1619 997 1687 fratribus
1024 1638 1063 1685 ac
1087 1639 1171 1684 soro-

45 1725 125 1793 ribus
140 1725 343 1795 ridebuntur
358 1727 602 1796 racionabiliter
618 1748 658 1795 ac
673 1726 924 1794 misericorditer
940 1723 1113 1810 exigenda.
1133 1727 1172 1793 In

46 1833 126 1900 cuins
142 1835 191 1900 rei
207 1835 398 1904 memoriam
414 1842 667 1920 perpetuumque
691 1833 875 1901 firmitatem
902 1839 1072 1918 presentes
1098 1853 1171 1900 con·

46 1942 193 2010 cessimus
208 1942 337 2010 litteras
354 1943 518 2029 dupplicis
535 1942 637 2027 sigilli
662 1942 764 2010 nostri
789 1940 966 2008 munimine
990 1942 1170 2010 roboratus.

45 2050 156 2117 Datum
181 2071 245 2137 per
260 2071 378 2119 manus
394 2050 589 2118 venerabilis
606 2051 709 2137 patris
720 2051 840 2117 domini
850 2049 1015 2117 Theodori
1025 2049 1088 2114 Dei
1099 2067 1171 2133 gra·

47 2157 92 2224 cia
104 2159 264 2245 Episcopi
295 2159 476 2229 Janricnsis
501 2158 577 2228 aule
602 2165 711 2226 nostre
736 2157 1025 2242 Vise-Cancellarij
1053 2155 1167 2224 dilecti

46 2265 186 2333 elidetis
204 2267 329 2351 nostri;
346 2287 431 2335 enno
448 2267 578 2334 Domini
594 2265 766 2335 millesimo
782 2264 1003 2334 ducentesimo
1029 2284 1170 2350 nonage-

48 2374 120 2443 simo
136 2375 262 2463 quinto,
280 2377 388 2444 XVII.
405 2375 568 2444 kalendas
583 2375 797 2464 Septembris,
812 2375 917 2459 Regni
933 2381 1042 2442 autern
1067 2373 1170 2442 nostri

47 2503 124 2549 auno
139 2489 245 2552 sexto.

3 2757 4 2764 ἵ
48 2679 178 2746 (Eredetie
191 2677 372 2749 bdrhdrtydm
386 2695 402 2732 ι
415 2677 589 2750 concastiga
602 2680 832 2750 sclyemaaindron
855 2685 940 2756 fflggd
962 2679 1111 2750 pecsdtnsk
1132 2688 1172 2736 tc-

3 2777 4 2784 ’
224 2770 324 2826 reddire
336 2786 470 2839 megranq
484 2789 502 2824 a
515 2772 599 2825 budai
627 2773 655 2824 tr.
668 2774 791 2826 kamarai
804 2770 995 2841 tertlttrbau.)
1089 2805 1092 2810 -
1130 2773 1132 2780 “

503 3067 718 3086 -u—na—

571 3593 647 3672 ne.

3 3815 4 3818 ’
53 3789 107 3865 ΠΙ.
122 3799 233 3866 Eadre
248 3799 357 3887 lirdly
372 3803 549 3889 meyer-cett
565 3799 623 3869 IV.
640 3799 723 3868 Be'lc
739 3795 914 3890 kirdlyca'lc
925 3797 1042 3869 Mutina
1057 3801 1176 3869 Yuroca

52 3913 160 3996 meqycu‘
175 3909 330 3996 lclqstqct
345 3912 499 3998 tutrqyued
524 3909 792 3995 adomdoyleuele't
808 3935 846 3979 az
861 3912 971 3978 ottacc'
994 3911 1174 3981 birtokosok

477 4023 634 4087 szdmctouu.
655 4018 752 4086 1295.

3 4295 4 4298 Ἴ
149 4211 300 4284 Andreas
311 4215 373 4282 Dei
384 4213 681 4303 graeiaHungarie‚
693 4214 876 4302 Dalmeeic,
894 4213 1038 4300 Croucie,
1055 4213 1171 4301 Rame,

53 4313 166 4406 Seruio,
183 4321 330 4408 Gallicis,
346 4323 549 4408 Lodomerie,
566 4321 735 4409 Cumanie,
752 4321 966 4407 Bulgarieque
982 4321 1051 4389 Rex
1068 4321 1168 4390 omni·

53 4421 106 4492 bus
120 4425 241 4497 Christi
256 4431 408 4500 fidelibus
424 4438 593 4518 presentes
609 4430 737 4500 litteras
762 4429 957 4518 inspecturis
975 4427 1114 4498 salutem
1131 4429 1166 4496 in

55 4531 184 4603 Domino
194 4539 433 4625 sempiternam.
444 4540 494 4606 Ad
504 4541 727 4608 uniuersorum
737 4539 893 4606 noticiam
908 4543 1019 4606 tenore
1036 4558 1168 4626 presen-

55 4637 130 4708 cium
141 4649 285 4716 uolumus
300 4648 482 4737 peruenire,
500 4647 586 4734 quod
600 4649 695 4717 Hock
709 4647 797 4719 filius
813 4648 914 4738 Jank,
932 4645 1036 4735 Beda,
1050 4648 1125 4719 Isou
1138 4653 1171 4715 et

945 4757 1016 4824 12*
