3124 5194
590 327 750 432 ,Q

100 541 172 592 mun
189 519 372 593 contineri:
387 521 476 608 quod
490 520 605 594 Comes
622 525 664 592 de
679 525 809 596 Barana
835 547 895 612 pro
910 531 1056 614 tompore
1082 525 1237 600 eonstitu-

97 641 158 718 tus,
174 633 274 702 simul
291 653 362 700 oum
379 630 612 717 iobagionibus
631 632 737 702 Casiri
754 631 900 703 eiusdem
918 634 1097 722 prediotam
1115 625 1236 707 terram

99 739 254 809 Goeresd
270 739 522 828 impedioissent
536 740 578 808 ab
596 741 730 830 eodem,
757 747 790 808 et
805 741 917 810 ordine
934 741 1110 812 iudioiario
1126 753 1239 814 eontra

99 845 283 934 prediotum
297 846 494 932 Magistrum
516 847 708 916 Oorraldnm
725 851 983 936 processissent;
1000 852 1110 936 ipsam
1128 853 1237 937 itaquo

44 979 51 994 Χ
101 963 227 1023 terram
245 954 393 1023 Goeresd
409 955 566 1040 Magister
583 955 743 1025 Corradus
759 977 854 1025 susm
870 977 944 1026 esse
959 957 1073 1028 heredi
1083 960 1202 1028 taniam
1218 977 1240 1024 a

101 1064 171 1132 suis
186 1061 451 1150 progenitoribus
470 1067 521 1130 ost
542 1064 733 1150 confessus,
751 1072 784 1132 et
799 1084 872 1132 oum
888 1066 953 1133 iam
969 1086 1029 1153 por
1045 1071 1168 1134 oertam
1192 1065 1239 1134 in·

102 1169 316 1255 quisieiouem
332 1169 497 1238 Barooum
519 1174 553 1238 et
568 1170 706 1238 aliorum
722 1169 879 1240 nobilium
896 1171 972 1240 soiri
987 1171 1102 1259 potuit,
1120 1169 1238 1261 (qnod)

100 1279 178 1365 ipsa
192 1283 281 1344 terra
296 1275 435 1344 (luerent
450 1284 537 1346 osset
552 1285 585 1346 et
602 1277 718 1348 luisset
733 1278 883 1364 Magistri
900 1277 1048 1348 Corraldi
1065 1279 1229 1364 antodioti,

104 1393 228 1455 etcum
243 1383 342 1471 ijdem
359 1385 474 1456 Comes
502 1386 544 1454 de
558 1387 691 1455 Barana
706 1393 738 1454 et
762 1386 955 1474 iobagiones
980 1389 1087 1458 casui
1102 1386 1239 1476 predioti
1371 1441 1374 1446 .

106 1491 287 1563 anundum
297 1492 386 1561 viam
396 1492 526 1562 iustioie
535 1495 710 1580 proaedere
720 1515 786 1564 non
795 1494 979 1564 uoluissent
993 1497 1232 1582 ooutraipsum,

110 1600 252 1670 eandem
268 1608 386 1670 terram
413 1602 571 1671 (luerestb
588 1609 623 1670 ut
643 1603 699 1688 jus
725 1623 817 1670 suum
843 1601 1072 1672 hereditarium
1098 1604 1240 1685 reliquo·

107 1716 185 1778 runt
199 1709 305 1778 eidem
322 1709 477 1794 Magistro
492 1709 649 1778 (lorraldo
665 1710 800 1796 panidos
815 1710 1056 1796 possidendam.
1074 1709 1167 1778 Vnde
1176 1729 1237 1776 noo

109 1818 217 1905 ipsam
232 1825 351 1884 terram
368 1818 539 1904 Gueresth,
555 1819 628 1902 ipso
653 1818 809 1903 Magistro
829 1819 923 1884 Petro
949 1819 1079 1886 nomine
1105 1824 1137 1884 et
1167 1817 1239 1884 vioe

107 1924 213 2010 ipsius
230 1923 267 1991 B.
284 1925 505 2012 Episcopi,oui
522 1923 672 1993 dominns
687 1925 835 1992 Andreas
855 1927 924 1992 Rex
940 1925 1107 2011 Hungarie
1130 1925 1237 2010 ipsam

104 2040 226 2098 terram
242 2034 430 2118 contulerat,
446 2032 524 2100 visis
540 2033 645 2100 eoiam
667 2031 782 2100 litteris
798 2031 921 2100 domini
936 2031 1035 2116 Regis
1058 2032 1117 2117 filij
1138 2030 1239 2100 nostri

107 2139 277 2207 karissimi
286 2139 613 2228 protostaoionalibos
629 2158 702 2205 oum
718 2139 828 2224 sigillo
843 2140 962 2206 anuleo
979 2135 1237 2224 impressis,roli·

108 2247 248 2332 quimus,
265 2269 341 2332 ymo
362 2245 489 2314 restitui
507 2244 652 2330 sedimus,
669 2251 825 2332 perpetuo
840 2253 873 2313 et
884 2245 1242 2330 inreuooabiliterpaoi·

111 2354 171 2423 fioe
186 2354 428 2442 possidendam,
444 2353 618 2422 tenendam
635 2359 667 2419 et
683 2352 878 2442 babendum,
894 2354 983 2422 nullo
1009 2353 1139 2440 penitus
1170 2373 1245 2420 oon·

113 2463 291 2532 tradiotore
307 2465 475 2532 existente.
506 2465 627 2530 Datum
638 2463 672 2529 in
682 2463 812 2548 Posega
825 2462 993 2531 inootauis
1004 2461 1155 2530 Omnium
1164 2461 1244 2530 San-

114 2579 237 2639 olorum
248 2589 337 2640 anno
353 2569 485 2640 Domini
501 2569 622 2637 11ΰο11ο
637 2569 850 2654 nonagesimo
866 2569 989 2654 quinto.

120 2731 258 2802 (Ersdstie
273 2729 450 2803 bdrhirtytn
463 2747 480 2784 a
492 2729 570 2786 bdtnl
584 2731 637 2784 oda
649 2748 730 2798 nyom
737 2737 778 2784 ott
790 2729 884 2804 peones
897 2731 1031 2797 elvssset3
1044 2743 1062 2782 a
1083 2724 1157 2784 mtlt.
1178 2723 1245 2781 otro

461 2818 662 2890 Rtvayosartd
689 2818 899 2890 levtttlrsosn.)

651 3497 725 3570 124.

128 3681 222 3750 VIII.
238 3676 402 3764 Bonisdoa
408 3681 610 3770 pa'andnoo
609 3681 731 3768 judoni
737 3655 854 3745 durabat
856 3677 1250 3766 fdbutolmazzaboppaz

237 3795 357 3859 ossoroi
368 3791 585 3878 pdopdksdyre
597 3789 760 3876 porpolrot
774 3787 1015 3855 bioooezbesaen.
1033 3785 1130 3852 1295.

229 3965 417 4036 Bonifatius
440 3966 627 4054 Episcopus
652 3983 765 4034 servus
790 3983 954 4032 servorum
981 3962 1043 4030 Dei
1070 3957 1250 4028 venorabili

122 4075 215 4145 fratri
230 4073 374 4143 Jobanni
390 4072 645 4160 Arobiopisoopo
662 4071 814 4139 Jadrensi
829 4071 967 4138 salntem
983 4075 1015 4136 et
1027 4065 1251 4152 Apostolioam

121 4181 388 4253 benedictionem.
414 4181 565 4248 Debitum
582 4179 681 4248 olfioii
696 4179 799 4248 nostri
814 4180 961 4262 requirit,
976 4182 1012 4244 ut
1026 4176 1111 4242 inter
1137 4170 1253 4239 solliei-

122 4291 252 4360 tudines
269 4289 363 4375 alias,
380 4289 497 4374 quibus
513 4286 645 4356 assidue
660 4285 847 4373 premimur,
873 4282 1061 4370 speoialiter
1085 4279 1172 4346 oiroa
1196 4279 1254 4344 llo·

124 4397 242 4467 elesius
259 4396 437 4466 sollertiam
453 4393 644 4463 adhibentes
659 4394 804 4479 ipsarum
820 4387 1018 4458 utilitatibus
1043 4382 1253 4470 intendimus,

1 4502 3 4508 ’
125 4505 159 4574 in
175 4525 214 4574 eo
229 4503 381 4591 maxime,
400 4509 435 4572 ut
450 4503 602 4585 viduatis,
619 4522 662 4570 no
677 4501 773 4585 longe
790 4495 974 4566 sanationis
998 4490 1172 4579 dispendia
1195 4509 1252 4578 pa·

129 4615 263 4710 riantur,
280 4611 430 4693 nolenter
444 4615 553 4686 nostre
569 4607 740 4705 diligentie
755 4604 863 4688 studio
878 4603 919 4679 do
933 4603 1064 4676 illorum
1079 4597 1255 4695 provides·
