3146 5192
405 1174 435 1240 A
455 1179 599 1263 scmoppi
614 1127 807 1244 musalms
819 1177 1087 1262 diaonyacipleeele,
1102 1174 1330 1262 liopyjcyyndjc
1340 1173 1515 1238 Eadeccart·
1552 1195 1554 1252 ζ

747 1294 794 1348 ter
802 1281 1094 1370 vtprmdsterececc
1112 1279 1210 1346 1297.

509 1475 654 1565 (F)rater
668 1477 792 1546 Paulus
811 1477 1022 1546 miseracione
1037 1476 1161 1543 Dinina
1176 1476 1289 1544 Annas
1303 1483 1338 1543 et
1347 1476 1514 1544 Ocnnentus

402 1583 591 1669 Monosterij
608 1585 720 1653 Sancti
735 1585 845 1670 sgidtj
865 1586 906 1653 de
921 1583 1070 1670 Symigic
1086 1584 1236 1651 omnibns
1247 1581 1373 1652 Christi
1382 1582 1515 1650 fidelibus

403 1691 606 1776 presentibus
622 1691 746 1778 pariter
760 1703 793 1759 et
807 1692 927 1760 futuris
942 1698 1112 1778 presentes
1129 1692 1257 1759 litteras
1274 1692 1513 1778 inspectorissa·
1552 1717 1554 1766 ς

402 1800 501 1866 intem
517 1799 550 1865 in
566 1799 682 1867 salotis
699 1805 854 1868 amatore.
866 1799 919 1866 Ad
935 1800 1160 1867 rnincrsornm
1171 1799 1327 1868 noticiam
1337 1785 1513 1884 tenorepre
1552 1863 1554 1868 ,

404 1907 713 1975 sencinmnolumus
729 1908 908 1994 peruenire,
924 1906 1100 1991 quodcum
1116 1907 1272 1992 Magister
1295 1906 1444 1974 Andreas
1465 1905 1515 1970 llo
1550 1909 1554 1970 i

403 2011 508 2079 tarius
533 2019 644 2081 noster
668 2021 755 2083 esset
778 2015 934 2082 laborans
959 2015 1052 2099 grani
1082 2013 1279 2097 infirmitate,
1307 2033 1431 2098 nosque
1452 2030 1516 2094 erga
1553 1997 1554 2020 ³

402 2118 540 2188 eandem
558 2121 746 2206 Magistrum
763 2121 928 2190 Andream
945 2141 1004 2208 per
1018 2122 1227 2190 nocacionem
1246 2139 1343 2189 snam
1368 2121 1403 2186 in
1427 2117 1515 2186 medio
1552 2191 1554 2202 λ

403 2227 590 2313 monasterij
608 2231 720 2312 nostri,
738 2229 821 2298 ubi
812 2249 885 2316 rpse
901 2229 1039 2316 iacebat,
1057 2228 1271 2314 personaliter
1286 2228 1466 2310 fuissemus,
1488 2233 1513 2292 et
1553 2215 1554 2226 ’

401 2333 481 2400 irter
497 2333 629 2402 alios
598 2354 686 2402 mros
703 2342 735 2402 et
751 2336 877 2404 nobiles
893 2336 1051 2420 Magister
1066 2335 1271 2403 Andronicus
1287 2337 1405 2402 custos
1422 2333 1554 2400 Eccle-

401 2444 451 2509 sie
466 2441 632 2527 albensis,
649 2447 681 2508 et
696 2443 852 2528 Magister
867 2441 1006 2510 Michael
1023 2442 1107 2510 lilius
1124 2443 1212 2511 Petri
1236 2439 1277 2510 de
1303 2445 1436 2528 Koyaco
1457 2459 1513 2523 per·

403 2551 560 2618 sonaliter
576 2550 731 2634 inissent3
748 2550 906 2617 tandem
896 2571 968 2636 rpse
984 2551 1142 2636 Magister
1162 2551 1323 2638 Andreas,
1341 2570 1413 2617 cnm
1427 2543 1513 2613 adhoc
1551 2599 1553 2628 ,

404 2665 492 2726 esset
507 2675 638 2743 compos
653 2673 711 2724 sne
726 2658 854 2744 mentis,
869 2663 901 2726 et
915 2657 1089 2725 uniuersas
1115 2658 1339 2743 possessiones
1364 2677 1447 2740 suas,
1469 2671 1514 2720 ser
1551 2655 1553 2700 ι

404 2767 490 2833 bona
505 2785 567 2833 sna
582 2763 765 2850 disponere,
781 2784 839 2834 seu
855 2763 962 2833 lacere
978 2767 1207 2833 testamentum
1223 2785 1259 2832 se
1275 2765 1465 2840 ordinasset,
1478 2759 1513 2823 in·
1551 2773 1553 2854 ι

405 2881 455 2938 ter
469 2870 552 2939 alias
568 2873 792 2960 possessiones
809 2893 887 2940 suas
902 2873 1066 2957 qnondam
1085 2873 1217 2940 vineam
1233 2893 1327 2941 snam
1344 2893 1403 2958 per
1420 2867 1513 2956 prede-
1551 2877 1553 2906 ²

405 2999 551 3047 cessores
568 2997 644 3046 snos
659 2980 735 3046 olim
753 2979 936 3066 empticiam
952 2980 985 3046 in
1002 2979 1161 3048 territorio
1178 2979 1257 3046 cille
1273 2979 1372 3066 Gycg
1396 2977 1511 3044 liliorum
1552 3005 1553 3060 3

408 3085 543 3152 comitis
559 3083 647 3150 Petri
662 3085 697 3150 in
712 3085 785 3152 loco
800 3086 935 3172 Serpast
951 3085 1131 3170 uulgariter
1147 3085 1315 3172 appellato
1326 3087 1512 3153 adiacentem
1551 3115 1553 3160 5

407 3195 439 3260 in
469 3200 610 3278 quatuor
626 3193 792 3278 iugeribus
809 3200 895 3260 terre
912 3195 1106 3279 plantatam,
1123 3193 1157 3260 in
1175 3194 1265 3260 cnins
1293 3192 1422 3276 quidem
1438 3191 1514 3254 vinee

406 3301 692 3370 commetaneitate
706 3320 764 3368 sen
780 3300 948 3366 vicinitate
964 3321 983 3365 a
999 3309 1092 3386 parte
1117 3300 1380 3386 septemtrionali
1404 3299 1511 3364 vincam

403 3406 529 3475 Thome
544 3409 607 3494 filij,
620 3407 786 3491 Hnsretlr,
805 3407 954 3474 vinitoris
970 3407 1108 3493 predicti
1133 3407 1280 3492 Magistri
1305 3405 1468 3474 Michaelis
1488 3412 1513 3468 et

407 3515 541 3586 fratrom
557 3535 701 3599 snorum3
719 3533 740 3581 a
757 3517 904 3602 partibus
921 3535 997 3582 vero
1013 3515 1176 3603 orientali,
1192 3515 1398 3582 meridionali
1413 3522 1442 3582 et
1450 3509 1513 3578 occi-

406 3625 532 3692 dentali
556 3631 676 3693 terram
697 3623 855 3690 arabilem
884 3643 940 3691 seu
968 3629 1180 3708 campestrem
1205 3625 1275 3706 ipse
1289 3625 1440 3708 Magister
1461 3619 1512 3684 Αι-

405 3729 501 3798 dress
517 3731 601 3798 dixit
616 3731 778 3814 adiacere,
793 3729 834 3797 de
851 3733 935 3800 bona
959 3750 1019 3797 sna
1036 3732 1212 3814 uoluntate,
1245 3730 1286 3796 de
1310 3749 1460 3798 consenso
1485 3735 1510 3790 et

408 3839 612 3924 beneplacito
628 3843 739 3904 nostro
756 3857 796 3904 ac
811 3837 959 3921 Magistri
976 3837 1146 3904 Michaelis
1172 3837 1361 3924 supradicti,
1389 3837 1438 3922 qni
1461 3842 1512 3899 tem

406 3963 468 4028 pro
483 3963 520 4010 se
536 3963 632 4027 quam
650 3963 707 4029 pro
723 3943 880 4011 iratribus
890 3944 956 4010 snis
968 3944 1042 4010 hnic
1053 3943 1188 4030 negocio
1204 3965 1397 4012 consensum
1407 3941 1511 4033 prebuit

407 4060 440 4118 et
456 4070 636 4132 assensum,
653 4049 743 4116 dedit
758 4059 790 4118 et
806 4053 941 4118 contulit
951 4051 1105 4135 Magistro
1122 4053 1279 4137 Gregorio
1297 4061 1329 4122 et
1354 4049 1514 4120 Walentinc

407 4159 486 4244 lilijs
502 4157 637 4225 Comitis
662 4157 758 4224 Pauli
785 4179 842 4242 pro
868 4159 976 4225 debito
1002 4159 1175 4226 duodecim
1202 4179 1393 4245 marcarum,
1418 4157 1512 4243 qnibns

408 4266 473 4352 ipsi
497 4265 614 4333 domiti
630 4267 732 4334 Panlo
749 4267 854 4333 teneri
880 4287 916 4334 se
946 4268 1097 4349 assernit,
1129 4267 1191 4335 sibi
1216 4273 1248 4336 et
1272 4271 1342 4336 suis
1368 4265 1483 4337 teredii
1485 4280 1512 4328 dt

407 4373 628 4458 heredumque
643 4393 773 4440 snorum
789 4375 1030 4442 successoribus
1047 4383 1203 4462 perpetuo
1219 4384 1251 4443 et
1276 4371 1511 4446 inrenocabiliter

410 4477 582 4564 possidere.
604 4479 640 4546 In
666 4479 757 4546 cuins
783 4497 842 4563 rey
867 4481 1052 4580 memoriam
1077 4489 1110 4549 et
1136 4492 1328 4568 perpetuam
1354 4487 1510 4552 firmitatem

410 4592 577 4666 presentes
593 4586 635 4650 ad
664 4585 860 4667 peticionem
887 4587 1033 4654 eiusdem
1060 4587 1209 4675 Magistri
1234 4589 1367 4660 Andrec
1390 4589 1511 4658 emmo
