3124 5194
884 326 1048 426 aa.

401 539 453 586 we
469 481 581 584 situati
597 523 629 585 et
644 518 783 603 fundati,
796 519 933 601 queista
951 517 1022 584 iure
1041 518 1191 602 geniture
1206 518 1444 587 hereditariam
1457 542 1512 588 suc

402 627 546 694 cessione
562 626 643 712 ipsis
658 625 814 710 Magistro
831 624 977 692 Jobanni
995 629 1026 691 et
1057 624 1211 694 iratribus
1234 627 1326 715 suis,
1342 627 1416 711 utijs
1429 629 1512 702 cont

402 733 443 798 tis
460 733 607 800 Ladizlai
623 753 686 818 per
700 733 831 799 modum
864 731 1037 799 diuisiouis
1063 733 1179 800 cedere
1206 735 1392 818 debebant,
1421 737 1513 804 eodan

278 862 279 871 ¹
404 844 500 928 pleno
516 839 585 907 iure
615 841 808 908 dimiserunt
840 841 1072 927 relinquentes,
1105 841 1137 906 in
1163 842 1391 910 concambium
1407 844 1513 914 atterius

404 948 630 1036 possessionis,
648 947 826 1014 aliarumne
841 948 1190 1031 possessionum,sicut
1206 949 1420 1035 exprimetur,
1435 957 1463 1015 et
1476 951 1515 1018 de

404 1059 520 1123 derunt
536 1075 575 1120 ac
590 1054 796 1122 tradiderunt
809 1055 932 1121 eisdem
944 1055 1111 1138 Magistris
1126 1055 1325 1142 Laureucio,
1341 1057 1515 1144 Pbylipuset

403 1163 560 1230 Ladizlao
577 1163 651 1245 filijs
669 1163 817 1247 Magistri
842 1161 1022 1248 Pbylipus,
1054 1162 1117 1228 sibi
1134 1171 1167 1230 et
1183 1186 1243 1250 per
1260 1185 1320 1232 eos
1335 1165 1403 1230 suls
1418 1165 1516 1232 beredi-

404 1273 464 1338 bus
481 1273 699 1356 heredumque
716 1291 845 1338 suorum
870 1271 1112 1338 successoribus
1139 1279 1170 1338 et
1196 1273 1445 1358 posteritatibus
1458 1274 1515 1340 irre·

403 1379 608 1464 fragabiliter
624 1387 657 1444 et
673 1377 953 1445 irretractabiliter
977 1379 1281 1446 irreuocabiliterue
1296 1381 1371 1446 iure
1386 1387 1515 1464 perpetuo

299 1475 303 1480 ¹
404 1487 632 1574 possidendas,
650 1485 810 1553 tenendas
836 1488 959 1572 pariter
975 1491 1008 1552 et
1025 1486 1203 1554 habendas.
1219 1486 1371 1573 Insuper
1387 1488 1452 1572 ipse
1466 1487 1516 1552 Ma·

262 1599 279 1622 ⁵
299 1631 300 1636 κ
404 1594 505 1678 gister
520 1597 686 1664 Jobannes
703 1601 736 1661 et
751 1593 869 1662 iratres
886 1596 947 1682 sui,
964 1595 1143 1681 Phylipus,
1168 1595 1361 1663 Demetrius
1378 1599 1409 1661 et
1422 1596 1515 1662 budiz-

406 1705 480 1769 laus
496 1703 649 1769 uniuersa
665 1709 698 1768 et
714 1701 844 1786 singula
855 1701 997 1786 dampna
1008 1721 1130 1788 eorum,
1145 1711 1209 1786 que
1225 1703 1270 1767 ad
1287 1709 1446 1770 trecentas
1455 1723 1521 1768 nar·

405 1829 461 1877 cas
478 1812 719 1895 computabant,
736 1809 819 1876 sicut
836 1811 1030 1892 premittitur
1045 1809 1177 1897 seriose,
1194 1818 1334 1896 propter
1350 1811 1460 1878 bonum
1473 1831 1515 1894 pa·

403 1919 460 2003 cis,
477 1919 645 1984 rationene
676 1915 797 2000 prefati
829 1915 1021 2001 concambij,
1040 1915 1160 1983 eisdem
1191 1917 1351 1984 fratribus
1382 1915 1518 1999 suislilijs

402 2023 554 2108 Magistri
571 2025 731 2111 Phylipos
748 2025 896 2109 plenarie
921 2026 1141 2108 relinquentes
1173 2025 1390 2106 dimiserunt,
1416 2023 1515 2094 etbre

401 2131 612 2197 tractabiliter·
621 2152 680 2217 per
696 2131 807 2195 omnia
817 2132 1016 2196 relaxarunt.
1032 2131 1059 2194 E
1076 2137 1189 2198 contra
1204 2131 1269 2216 ipsi
1289 2131 1436 2216 Magistri
1449 2131 1513 2196 bau·

403 2237 541 2324 rencius,
559 2239 718 2325 Phylipus
734 2243 766 2304 et
789 2237 965 2304 Ladizlaus
991 2238 1049 2322 filij
1067 2239 1218 2322 Magistri
1236 2239 1400 2326 Phylipus
1415 2237 1512 2304 ibidem
1527 2290 1531 2302 .

402 2347 436 2414 in
451 2351 691 2433 presenciarum
711 2353 857 2413 astantes
873 2345 1069 2432 integralem
1086 2345 1330 2415 dimidietatem
1346 2367 1403 2416 seu
1420 2345 1511 2412 medie

405 2460 505 2520 tatem
522 2455 631 2520 Castri
649 2461 681 2519 et
712 2453 928 2540 possessionis
969 2451 1106 2538 Orrywa
1131 2459 1323 2521 voratorum
1348 2456 1383 2523 in
1407 2454 1512 2533 Posoga

404 2563 593 2629 situatorum
610 2569 642 2627 et
669 2561 900 2643 existeucium,
932 2581 1003 2626 cnm
1035 2561 1185 2627 omnibus
1205 2564 1276 2628 suis
1295 2561 1477 2628 utilitatibus
1488 2563 1511 2623 et
1535 2568 1539 2577 ’

402 2669 614 2756 pcrtineucljs
626 2669 822 2754 quibuslibet
838 2689 878 2734 ac
894 2669 1151 2753 circumstanoijs
1163 2671 1329 2737 uniuersis
1342 2696 1349 2746 ς
1362 2671 1435 2735 item
1449 2669 1512 2734 istu

403 2777 485 2843 duras
503 2785 608 2844 terras
624 2797 681 2843 seu
698 2777 925 2861 possessiones
941 2775 1091 2860 Hotbyas
1106 2782 1137 2840 et
1153 2776 1281 2843 Bctbcn
1300 2786 1432 2843 uocatas
1444 2793 1513 2840 seor·

404 2905 475 2950 sum
493 2893 525 2950 et
541 2884 680 2968 diuisim,
700 2885 791 2950 iuxta
808 2884 940 2950 fluuium
958 2885 1101 2950 Drauwe
1117 2883 1295 2951 inmediate
1313 2883 1511 2950 etrioinauter

405 2991 614 3076 adiacentem
630 3013 693 3078 que
709 2993 774 3058 ista
790 2992 900 3056 omnia
915 2991 985 3056 iure
1000 2993 1148 3074 geniture
1160 2992 1401 3058 hereditariaue
1412 3008 1509 3056 succes·

404 3101 493 3166 sione
509 3121 568 3184 per
584 3099 713 3165 modum
730 3098 902 3165 diuisionls
921 3096 1065 3165 eiusdem
1085 3097 1171 3186 (lgy)
1187 3099 1265 3183 filijs
1282 3097 1430 3184 Magistri
1444 3093 1511 3179 Pup

409 3209 493 3294 lipus
510 3207 622 3274 cedere
641 3206 812 3288 debebant,
831 3206 1022 3272 dimiserunt
1038 3205 1244 3290 reinqueutcs
1261 3206 1295 3271 in
1308 3201 1509 3273 concambium

405 3315 544 3382 omnium
561 3313 802 3401 premissorum,
829 3314 913 3380 sicut
938 3313 1134 3397 premittitur
1161 3315 1294 3400 seriose,
1321 3321 1354 3381 et
1379 3311 1510 3380 dederuut

405 3433 436 3487 st
453 3422 656 3488 tradiderunt
673 3421 848 3506 sepedictis
866 3422 1022 3505 Magistro
1039 3420 1191 3510 Johanni,
1220 3421 1392 3508 Phylipus,
1415 3421 1510 3484 Deme·

404 3532 466 3597 trio
484 3537 515 3595 et
531 3529 699 3615 Ladizlao,
718 3529 792 3613 filijs
810 3530 943 3596 Comitis
960 3528 1117 3617 Ladizlal,
1134 3529 1290 3596 fratribus
1307 3532 1376 3597 suis
1388 3530 1515 3594 irretrac-

405 3637 551 3703 tabillter
568 3646 599 3702 et
614 3637 873 3704 irreuoeabilitcr
889 3639 959 3702 iure
975 3643 1133 3723 perpetuo
1151 3637 1365 3725 possidenda,
1390 3629 1508 3700 tenenda

403 3745 524 3830 paritur
540 3752 572 3810 et
587 3746 749 3812 habenda.
767 3745 848 3810 Item
867 3751 1002 3828 utraque
1021 3763 1097 3832 pars
1114 3765 1212 3830 super
1237 3746 1385 3811 omnibus
1409 3738 1508 3807 monol·

403 3853 467 3939 piJs
486 3871 594 3918 eorum
611 3854 711 3920 seruis
728 3860 761 3919 ct
776 3853 906 3919 aucillis
922 3853 990 3919 suis
1008 3851 1214 3937 quibuslibet,
1232 3853 1323 3917 illam
1341 3843 1509 3918 eandemdi·

403 3961 573 4048 uisiouem,
592 3982 688 4047 quam
705 3961 746 4026 ab
763 3961 837 4027 olim
855 3961 939 4026 iuter
955 3979 990 4026 se
1007 3961 1199 4046 babuerunt,
1216 3961 1354 4028 confessi
1371 3954 1507 4024 suntuiua

402 4091 483 4138 uoce
499 4069 768 4154 irrefragabrliter
785 4075 816 4135 et
831 4089 918 4134 nuuc
935 4089 970 4134 se
986 4068 1135 4136 babendo
1154 4067 1388 4135 ratificaudoue
1402 4083 1435 4130 se
1447 4057 1507 4128 reti·

403 4200 491 4261 uere,
508 4187 540 4244 et
556 4179 589 4243 ln
618 4183 806 4264 perpetuum
834 4197 1038 4244 conseruare.
1066 4176 1147 4243 Item
1171 4177 1248 4261 quia
1273 4175 1308 4241 ln
1339 4163 1507 4260 supradictis

406 4286 531 4353 duobus
556 4285 689 4372 paribus
707 4285 802 4368 priuil
823 4286 950 4369 giorum
968 4291 1153 4351 nostrorum
1169 4303 1267 4368 super
1285 4283 1370 4350 tacto
1396 4273 1502 4346 dinisle-

403 4394 454 4460 nis
470 4394 556 4459 inter
571 4401 683 4480 partes
698 4391 788 4479 prins
804 4393 914 4458 habite
930 4393 1000 4460 siue
1016 4392 1102 4458 lacte
1119 4389 1505 4478 consectornmauhepu·

402 4511 452 4568 tes
467 4502 509 4568 ad
527 4501 783 4569 conseruandam
799 4499 990 4566 diuisionem
1010 4499 1136 4585 judicic
1153 4501 1223 4568 siue
1235 4494 1502 4587 penasiugularum

404 4617 533 4675 centnm
550 4629 731 4676 marcarum
764 4613 899 4692 utroque
916 4607 1090 4693 priuilegio
1107 4615 1218 4675 nostro
1246 4613 1456 4675 contentarum
1477 4609 1513 4657 tt*
