3124 5194
525 359 686 457 ‚Q-

147 553 227 620 Gum
245 554 343 638 igitur
358 574 418 620 nos
434 552 525 620 iuxta
549 561 694 621 tenorem
720 550 896 620 earundem
916 553 1096 623 litterarum
1113 578 1170 624 no-

51 669 178 728 strarcm
195 660 240 724 ad
264 662 423 747 prefixum
435 661 520 728 diem
537 663 639 747 ipsius
666 662 794 729 arbitrii
810 663 843 727 in
862 663 939 729 villa
956 665 1112 732 Gormoth
1129 665 1172 732 ad

50 769 201 854 predictos
227 770 444 838 arbitratores
475 770 719 836 adsidendum
752 771 803 835 vel
819 769 1019 837 audiendum
1036 772 1170 840 formam

48 879 140 961 ipsius
156 880 286 946 arbitrii
312 881 506 965 Magistrum
522 881 660 947 Paulum
678 878 848 946 Notarium
865 887 1011 948 nostrum
1028 882 1170 949 misisse·

49 1007 119 1064 mus,
138 987 269 1054 demum
289 988 377 1054 idem
388 988 545 1071 Magister
554 988 676 1056 Paulus
686 987 730 1054 ad
740 1007 799 1054 nos
815 1007 964 1056 reuersus
976 989 1069 1057 nobis
1084 996 1170 1057 retu·

51 1094 83 1159 lit
90 1097 164 1161 uiua
174 1115 266 1182 uoce,
278 1095 365 1180 quod
374 1095 542 1163 memorati
552 1097 764 1162 arbitratores
775 1096 809 1161 in
818 1096 965 1182 predicto
976 1096 1168 1184 die,scilicet

47 1202 380 1286 liegisterl'arkasius
392 1205 478 1271 filius
495 1205 632 1290 Fulkus,
644 1207 760 1271 (lomes
771 1203 928 1270 Nicolaus
944 1204 1033 1271 filius
1050 1207 1166 1292 Jacou,

48 1311 191 1394 Magister
208 1313 411 1380 Laurencius
422 1313 463 1378 de
479 1313 583 1397 Zyud,
600 1319 632 1379 et
648 1311 763 1379 Comes
779 1312 964 1398 Stephanus
980 1312 1069 1380 filius
1085 1313 1167 1392 Aba,

48 1420 76 1484 in
96 1419 164 1504 ipso
180 1421 316 1488 arbitrio
342 1422 586 1507 presencialiter
616 1429 651 1487 et
681 1421 897 1507 personaliter
929 1421 1118 1508 affuissent3
1136 1421 1169 1486 in

47 1547 169 1608 quorum
186 1530 360 1616 presencia
386 1529 499 1596 eodem
524 1530 684 1614 Magistro
708 1529 811 1594 Paulo
838 1539 991 1613 presente
1008 1531 1169 1596 existente

48 1637 203 1704 memorati
219 1637 377 1721 Magister
396 1636 546 1704 Andreas
562 1637 649 1703 filius
665 1637 794 1702 Nicolai
819 1635 859 1702 de
873 1635 982 1720 Scyud
999 1635 1108 1700 omnia
1123 1636 1169 1702 in-

48 1750 216 1810 strumenta
233 1764 295 1810 sua
311 1744 534 1830 priuilegialia
544 1796 553 1830 ,
586 1745 709 1810 scilicet
726 1743 934 1829 priuilegium
951 1742 1073 1809 domini
1087 1743 1169 1809 Bels

50 1851 142 1917 felicis
165 1851 408 1918 recordacionis
424 1851 524 1936 Regis
556 1851 701 1935 Vogarie
712 1903 722 1936 ,
756 1850 1040 1920 confirmacionem
1066 1851 1169 1934 ipsius

50 1960 200 2044 priuilegii
218 1957 341 2026 domini
358 1960 488 2026 Andree
504 1959 606 2042 Regis
623 1961 776 2045 Vngarie,
794 1959 918 2026 litteras
927 1967 1056 2026 nostras
1072 1977 1169 2044 super

50 2067 210 2134 amissione
226 2067 475 2152 priuilegiorum
506 2069 539 2134 in
566 2067 847 2134 confirmacionem
880 2065 1095 2134 coniectorum
1114 2065 1168 2130 do-

49 2175 115 2240 mini
130 2175 291 2261 Stephani
323 2183 355 2242 et
371 2176 518 2243 Ladizlai
533 2177 658 2259 Regum
678 2175 827 2259 Vngarie
836 2227 845 2262 ,
880 2174 1088 2260 priuilegium
1105 2172 1167 2240 fra·

51 2291 123 2350 ctum
139 2284 379 2353 Cruciierorum
388 2286 533 2352 Ecclesie
544 2287 664 2352 Sancte
680 2285 851 2352 Trinitatis
863 2283 903 2351 de
915 2282 1037 2352 Calidis
1052 2283 1167 2370 Aquis,

51 2411 82 2457 ac
96 2393 215 2461 litteras
237 2393 401 2480 Prepositi
418 2399 450 2460 et
465 2392 653 2460 conuentus
665 2393 705 2460 de
726 2394 816 2478 Saag
832 2392 1055 2460 exhibuissent
1070 2413 1168 2478 super

51 2501 111 2582 ipsa
126 2507 209 2568 terra
225 2505 378 2586 Kuarzeg
393 2509 511 2568 uocata
520 2555 530 2590 ,
548 2523 605 2570 seu
621 2504 715 2571 metis
742 2510 773 2567 et
789 2501 937 2569 terminis
964 2502 1108 2568 eiusdem
1124 2503 1167 2568 ab

52 2628 105 2674 una
119 2617 229 2696 parte;
258 2616 289 2676 et
305 2611 409 2678 eciam
425 2611 565 2696 predicti
596 2610 754 2677 Nicolaus
772 2610 813 2676 de
831 2609 954 2697 linari,
982 2617 1014 2677 ct
1030 2609 1167 2676 Alexius

52 2714 124 2784 iilius
139 2718 310 2804 Feliciaui,
328 2738 427 2803 super
438 2719 551 2785 eadem
562 2727 648 2787 terra
663 2720 814 2804 Koarzeg
829 2726 946 2787 uocata
962 2718 1167 2803 priuilegium

53 2823 179 2891 eiusdem
191 2825 319 2892 domini
334 2827 413 2893 Bele
429 2826 528 2911 Regis
544 2827 768 2894 exhibuissent
777 2847 818 2894 ex
828 2827 941 2893 altera.
958 2825 1020 2904 Qui
1038 2824 1166 2909 quidem

52 2932 249 3002 arbitratores
266 2935 356 3019 uisis,
372 2936 527 3022 inspectis
545 2942 577 3003 et
604 2936 754 3020 perlectis
771 2936 920 3003 omnibus
944 2933 1167 3000 instrumentis

6 3077 8 3126 Ρ
52 3039 180 3122 parcium
195 3040 425 3130 predictarum,
443 3041 650 3126 priuilegium
666 3041 789 3109 domini
806 3041 883 3108 Bele
899 3039 997 3122 Regis
1022 3040 1167 3128 predicto

51 3145 170 3215 Nicolao
196 3148 266 3214 filio
283 3147 399 3234 Obyck
416 3149 457 3215 de
484 3149 594 3237 Scyud
611 3150 723 3218 datum
756 3157 788 3217 et
819 3167 1010 3217 concessum
1026 3147 1167 3215 inuenis-

51 3261 112 3320 sent
126 3263 157 3324 et
181 3255 346 3325 uidissent
379 3259 469 3344 prius
489 3259 671 3326 confectum
701 3257 875 3343 priuilegio
891 3257 978 3343 alio,
1010 3254 1168 3340 uidelicet

53 3363 126 3441 quod
140 3363 200 3430 iuit
215 3364 396 3433 exhibitum
412 3388 471 3452 per
480 3366 652 3435 Nicolaum
663 3367 704 3432 de
720 3365 831 3448 Kuari,
848 3373 880 3430 et
894 3363 1048 3430 Alexium
1063 3365 1166 3430 tilium

53 3465 196 3537 Feliciani
211 3477 417 3558 prenotatos;
433 3495 474 3540 ac
491 3475 594 3542 eciam
617 3474 725 3558 ipsum
740 3471 952 3560 priuilegium
967 3471 1095 3539 Nicolai
1109 3471 1168 3537 filii

6 3621 7 3624 ,
53 3571 144 3644 Obick
158 3599 230 3646 cum
247 3581 373 3648 meliori
405 3587 436 3648 et
460 3583 613 3650 validiori
645 3581 720 3649 stilo
750 3584 937 3650 roboratum
953 3579 1165 3665 inuenissent,

53 3683 108 3749 alia
123 3688 224 3754 eciam
239 3689 455 3757 instrumenta
472 3691 615 3759 eiusdem
632 3690 869 3773 subsequencia
901 3690 1039 3756 fuissent
1069 3685 1165 3754 ualde

54 3789 137 3858 bona.
153 3795 278 3874 Quibus
293 3799 441 3864 omnibus
467 3798 557 3884 uisis,
588 3798 744 3883 inspectis
762 3806 794 3865 et
809 3798 980 3883 perlectis„
1012 3797 1089 3880 quia
1103 3815 1166 3860 me·
1277 3801 1285 3818 *

54 3895 123 3966 liora
137 3910 168 3968 et
183 3903 342 3990 forciore,
359 3925 417 3973 seu
441 3907 694 3991 acceptabiliora
720 3905 850 3972 fuerunt
868 3907 1105 3972 instrumenta:
1122 3903 1166 3968 di-

54 4013 126 4072 ctam
138 4017 258 4078 terram
274 4013 426 4098 Kuarzeg
451 4022 602 4081 uocatam
626 4013 687 4081 sub
703 4013 828 4080 eisdem
853 4014 949 4080 metis
973 4019 1006 4078 et
1022 4011 1167 4078 terminis

56 4131 105 4181 seu
119 4117 371 4188 limitacionibus
380 4173 390 4208 ‚
416 4123 477 4188 sub
494 4123 612 4205 quibus
638 4121 729 4188 iuxta
745 4129 888 4188 tenorem
908 4119 1071 4206 priuilegii
1086 4119 1163 4186 eius·

57 4219 118 4288 dem
133 4225 252 4294 domini
276 4229 357 4296 Bele
380 4229 480 4314 Regis
499 4231 616 4298 eadem
645 4237 734 4296 terra
763 4226 1062 4314 comprehenditur,
1094 4247 1166 4293 cum

58 4332 186 4402 omuibus
201 4337 396 4404 utilitatibus
423 4344 454 4404 et
471 4337 680 4425 pertinenciis
706 4338 773 4405 suis
799 4334 937 4421 predicti
953 4336 1166 4404 arbitratores

56 4455 104 4519 per
117 4441 248 4510 formam
263 4445 388 4532 arbitrij
406 4447 441 4511 in
456 4446 551 4514 fidem
584 4446 727 4532 ipsorum
745 4445 816 4510 Deo
833 4444 976 4512 debitam
992 4443 1076 4511 inter
1091 4463 1164 4528 par·

56 4547 97 4610 tes
110 4547 221 4618 sacam
240 4559 272 4618 et
287 4553 434 4621 habitam
444 4574 501 4639 per
512 4552 653 4641 eosdem,
664 4553 874 4644 reliquissent
886 4558 918 4618 et
928 4551 1166 4620 commisissent

59 4655 236 4747 uolentibus,
252 4662 513 4746 permittentibus
522 4669 555 4730 et
565 4661 848 4730 consencientibus
858 4660 994 4728 Nicolao
1005 4660 1047 4728 de
1062 4661 1166 4728 Koari

933 4767 1004 4840 16³
