3124 5194
541 1053 617 1126 led.

21 1269 76 1338 m.
92 1270 208 1340 Endre
222 1273 338 1361 leirdlp
352 1277 522 1361 tenusdpot
537 1284 599 1338 teas
610 1274 711 1359 mel,
726 1276 809 1363 kopp
819 1274 950 1342 Merces
959 1297 1056 1341 comes
1080 1273 1144 1339 Ba-

123 1381 325 1469 qdmakfic
348 1379 484 1448 Vr'akedet
496 1383 916 1470 tdyseqteesrarectretort.
932 1377 1030 1448 1297.

112 1595 184 1666 Nos
200 1597 437 1686 Sigismnndns
452 1597 515 1666 stb.
532 1595 620 1685 quod
636 1618 709 1668 cum
725 1599 767 1666 ob
784 1598 1070 1668 contradictoriam
1097 1598 1145 1665 in-

8 1704 207 1773 'libicicnem
236 1707 433 1777 statucionis
457 1708 700 1793 possessionum
722 1707 925 1795 Wyzkeleth,
951 1705 1090 1775 'l'axcnd
1113 1712 1148 1772 et

22 1811 144 1882 dorlech
160 1823 355 1884 vocantem
370 1819 405 1884 in
421 1817 583 1884 comitatu
596 1815 787 1885 Poscniensi
804 1815 1017 1884 existencium
1043 1813 1147 1900 Magi·

23 1929 78 1989 ster
91 1921 286 2009 Stephanus
313 1925 398 1992 filius
424 1925 571 2011 Gregorij
599 1925 640 1992 de
664 1924 811 1992 Berenclr
836 1923 1018 1993 iohannem
1046 1923 1145 1992 filium

25 2027 156 2097 Belscde
172 2031 305 2117 Kwrtlr,
322 2037 356 2099 et
369 2031 529 2100 Jacobnm
545 2031 647 2100 filium
670 2031 842 2100 Michaelis
869 2031 911 2100 de
934 2033 1005 2118 Kys
1030 2029 1146 2100 Kwrtlr

26 2138 141 2204 medum
158 2145 194 2205 et
209 2131 352 2207 fdrmam
380 2139 524 2223 legitime
547 2139 754 2208 euoeacionis
778 2137 982 2208 obseruando
1007 2159 1066 2225 per
1090 2159 1147 2208 no·

28 2251 95 2312 trem
111 2256 142 2314 et
157 2248 309 2333 Capituli
333 2247 541 2316 Poseniensis
577 2248 725 2316 homines
755 2253 869 2316 centra
891 2267 927 2316 se
951 2247 996 2316 ad
1023 2255 1144 2316 certum

29 2355 184 2422 terminum
201 2363 349 2424 nostram
365 2357 545 2444 specialem
560 2356 595 2423 in
610 2355 820 2426 Presenciam
835 2358 871 2424 in
886 2374 1020 2423 eausam
1045 2361 1144 2424 attra-

31 2461 115 2530 n'sset
129 2465 192 2534 stb.
210 2461 251 2554 (a
265 2464 428 2553 hatamap
442 2465 538 2532 elcbn
550 2464 616 2552 „ad
626 2471 762 2531 octenas
771 2462 844 2531 sesti
857 2465 895 2531 B.
907 2463 1077 2533 Michaelis
1086 2465 1144 2531 dr·

32 2567 185 2654 elange1i“
206 2574 309 2641 1408.
319 2571 626 2658 tetetctt3skesdbb
635 2571 806 2640 ismttelve
820 2574 857 2641 ds
868 2572 1035 2639 ismttelve
1045 2570 1145 2640 kiter·

28 2677 191 2766 jesztetett;
210 2685 314 2768 segre
324 2679 475 2768 pedigad
486 2687 654 2768 presentes
664 2687 798 2748 octenas
808 2681 883 2750 festi
898 2681 992 2750 Beati
1009 2679 1142 2767 Georgij

34 2787 157 2857 martiris
172 2792 377 2858 kihunatvdn
393 2790 466 2868 stb;
483 2810 560 2857 ezerr
576 2786 803 2878 nlkalommal)
820 2790 1006 2876 Stephanus
1020 2787 1062 2857 de
1086 2790 1145 2858 Be·

33 2894 115 2962 renclr
131 2897 350 2986 personaliter
365 2897 399 2964 in
416 2905 559 2966 nostram
575 2896 780 2984 personalem
797 2897 976 2986 specialem
987 2895 1146 2966 veniendo

35 2999 235 3092 Prescnciam‚
251 3004 365 3073 volens
382 3005 546 3090 predictas
561 3005 783 3090 possessiones
799 3003 948 3090 Texend,
964 3003 1145 3089 Vynlseleth

36 3108 193 3180 etPerlcch
209 3121 344 3181 vocatas
355 3113 417 3181 sibi
429 3113 471 3182 de
480 3113 551 3182 iure
561 3115 723 3200 pertinere
732 3110 851 3181 debere
860 3111 1040 3199 declarare,
1050 3130 1147 3196 quas

37 3215 97 3284 dam
112 3240 169 3288 sex
183 3223 322 3311 litteras,
338 3243 435 3290 snam
459 3222 536 3290 olim
561 3221 760 3290 dominorum
776 3219 909 3288 Andrce
923 3227 1088 3307 patentem
1106 3239 1146 3286 ac

3 3313 10 3500 †
38 3323 355 3418 duasKarcliRegum
366 3333 425 3399 stb.
436 3339 546 3399 nostro
553 3330 730 3416 judiciario
740 3328 872 3398 culmini
882 3328 1008 3396 curauit
1017 3327 1145 3396 demon·

3 3501 4 3508 χ
37 3437 133 3522 strare5
144 3457 281 3523 querum
291 3440 396 3526 prima
406 3439 485 3508 dicti
495 3436 626 3506 Andree
634 3439 735 3525 Regis
744 3445 859 3525 patens
867 3436 978 3504 littera
987 3433 1145 3522 Strigcnij

2 3510 15 3637 l·
39 3537 65 3603 in
73 3539 143 3611 leste
151 3546 344 3616 Natiuitatis
353 3547 449 3616 Beati
459 3547 619 3615 iohannis
628 3547 778 3634 Baptista
787 3565 873 3614 anno
889 3544 1021 3614 Domini
1036 3545 1144 3613 mille·

4 3642 8 3718 l
39 3647 105 3716 rime
129 3651 365 3724 decentessime
388 3655 597 3743 nonagesimo
615 3654 754 3741 septimo
779 3661 932 3724 emanata
946 3655 1145 3740 continebat,

4 3721 6 3818 l
40 3755 110 3837 quod
123 3760 224 3847 ipsius
240 3763 362 3832 domini
378 3763 510 3832 Andree
525 3764 625 3844 Regis
640 3783 681 3832 ac
696 3764 838 3850 Capituli
850 3753 1073 3830 'Poseniensis
1092 3759 1146 3828 hc·

4 3867 6 3948 g
40 3862 126 3935 mines
140 3871 260 3941 litteris
275 3872 310 3938 in
329 3871 451 3940 eisdem
466 3871 624 3940 nominati
641 3870 686 3938 ad
702 3869 820 3938 taciem
836 3869 1055 3957 possessionis
1064 3869 1145 3955 Vyn

5 4011 6 4020 κ
42 3967 133 4044 keleth
145 3981 252 4049 Lcsod
264 3986 381 4050 uocate
395 3982 431 4049 in
446 3980 607 4048 (ienitate
623 3979 816 4047 Pescniensi
833 3976 1013 4065 existentis,
1029 3976 1147 4048 vicinis

5 4109 6 4182 j
44 4085 300 4156 etcommetaneis
316 4087 461 4158 eiusdem
488 4086 685 4174 conuocatis,
709 4085 802 4154 iuxta
826 4085 1040 4154 donacionem
1064 4085 1147 4151 eins·

5 4243 7 4270 r
44 4182 230 4264 dendonini
252 4195 384 4266 Andrce
408 4195 507 4282 Regis
531 4194 775 4283 reambulandc,
791 4195 882 4263 nulle
909 4191 1148 4262 menedictore

6 4327 7 4350 ι
48 4292 179 4372 existens
193 4306 384 4375 statuissent
399 4305 536 4375 eandem
551 4305 670 4374 Oomiti
685 4304 825 4372 Martinc
848 4301 916 4370 tilio
940 4303 1060 4387 Bagan
1084 4320 1148 4369 ano

6 4443 7 4484 3
46 4397 148 4478 scilieet
160 4412 241 4483 dicti
256 4415 415 4503 Stephani
430 4413 560 4502 actoris,
577 4415 639 4480 sub
655 4411 750 4480 metis
764 4411 799 4478 in
815 4409 937 4480 eisdem
952 4408 1074 4477 litteris
1093 4407 1148 4476 dc

48 4509 154 4586 claretis
184 4529 341 4613 perpetuo
372 4523 602 4610 possidendam
632 4523 705 4590 sine
735 4516 916 4607 preindicio
944 4517 1023 4584 iuris
1049 4513 1148 4584 alieni
