3146 5192
880 323 1042 430 jao-

395 534 484 597 nere,
505 513 693 583 detinerent
708 513 869 584 uiolenter
899 515 933 584 in
958 518 1102 602 ipsorum
1134 519 1352 606 preiudicium
1368 528 1401 588 ct
1414 543 1514 607 graus·

400 644 485 690 men.
503 625 530 690 E
547 610 704 690 conuerso
730 629 839 690 autem
865 625 944 692 dicti
960 627 1118 712 Magister
1142 627 1322 696 Ladizlaus
1338 629 1515 714 Preposltus
1562 681 1564 714 3

1562 387 1564 492 l

1562 493 1564 598 l

403 737 436 796 et
451 732 570 799 fratres
585 730 636 798 sui
652 730 887 816 respondentes
905 732 1075 821 dixissent,
1092 735 1176 820 quod
1193 736 1227 801 in
1244 737 1439 802 memoratis
1453 757 1516 821 pos·
1562 797 1564 802 ,

399 837 598 906 sessionibus
614 835 713 923 ijdem
731 837 788 922 filij
807 835 942 907 Comitis
959 840 1049 907 Petri
1079 841 1204 906 nullam
1222 843 1358 929 penitus
1374 843 1516 912 haberent
1563 841 1564 850 ³

397 944 593 1032 porcionem,
611 943 670 1012 sed
687 945 800 1011 ecdem
818 946 1045 1030 possessiones
1062 949 1207 1015 totaliter
1232 950 1274 1016 de
1293 949 1366 1015 iure
1382 949 1425 1015 ad
1441 952 1517 1034 ipsos
1563 1009 1564 1036 ,

396 1054 614 1139 pertinerent,
632 1059 664 1120 et
679 1050 896 1119 assessionem
913 1074 1006 1120 suam
1023 1055 1088 1121 iam
1106 1053 1227 1121 iactam
1245 1055 1280 1122 in
1299 1054 1440 1124 instanti
1454 1077 1516 1122 cum
1562 1099 1564 1132 ³

396 1159 579 1249 priuilegijs
610 1159 813 1227 dominorum
839 1161 919 1226 Bele
951 1167 983 1226 ct
1010 1161 1169 1247 Stephani
1199 1162 1385 1228 illustrium
1409 1163 1519 1248 Regum
1562 1217 1564 1246 2

396 1267 563 1352 Hungaric
588 1265 732 1333 felicium
758 1266 1026 1335 recordacionum
1052 1267 1297 1336 euidentissime
1325 1272 1518 1355 comprobas·
1563 1287 1564 1298 ¹

396 1383 480 1443 sent.
499 1373 624 1454 Quibus
641 1374 723 1442 uisis
740 1396 804 1440 non
822 1373 955 1462 abilitis,
979 1396 1044 1442 non
1063 1375 1267 1465 cancellatis,
1290 1397 1357 1443 nec
1372 1377 1406 1442 in
1421 1379 1520 1461 aliqua
1563 1461 1564 1466 ἵ

397 1484 447 1550 sui
463 1489 559 1571 parte
575 1482 729 1565 uiolatis;
756 1483 815 1550 sed
841 1482 883 1548 ab
908 1482 996 1548 omni
1023 1483 1218 1569 suspicionis
1243 1485 1406 1570 scrupulo
1431 1487 1518 1570 puris,

398 1591 529 1659 easdem
546 1591 784 1678 possessiones,
796 1611 861 1656 vna
871 1611 944 1656 cum
960 1591 1095 1676 prelatis
1108 1593 1356 1659 uenerabilibus
1372 1591 1519 1678 patribus,
1562 1597 1564 1676 ζ

398 1697 581 1767 Batonibus
597 1718 638 1766 ac
663 1697 834 1792 Nobilibus
860 1697 965 1782 Regni
991 1697 1092 1765 nostri
1116 1697 1367 1766 sentencialiter
1392 1698 1520 1766 decreui·

397 1827 484 1875 mus:
500 1807 542 1873 vt
558 1805 745 1874 dimidietas
770 1806 1013 1890 possessionum
1039 1803 1301 1892 supradictarum
1331 1804 1431 1872 dictis
1454 1807 1518 1890 ilijs
1562 1817 1564 1868 1

399 1913 533 1983 Comitis
548 1915 637 1982 Petri
654 1934 716 1980 non
734 1914 933 1982 conueniret.
960 1915 1085 1981 Tamen
1114 1914 1322 1999 postmodnm
1347 1912 1518 1982 huiusmodi
1562 1993 1564 2002 A

397 2022 573 2106 sentencijs
590 2022 654 2089 iam
671 2021 824 2108 perlatis,
851 2021 1035 2108 petentibus
1045 2023 1203 2106 ,partibus
1223 2026 1256 2088 et
1270 2021 1519 2106 assumentibus,
1563 2019 1564 2028 ’

396 2129 616 2198 commisimus
640 2129 746 2215 ipsam
771 2150 905 2196 causam
930 2131 1065 2196 arbitrio
1090 2129 1239 2214 Magistri
1258 2129 1353 2196 Petri
1379 2127 1427 2194 lili
1442 2128 1519 2193 Com·
1562 2209 1564 2216 y

396 2235 528 2322 pouldy,
554 2235 703 2319 Magistri
720 2236 831 2304 Dcscu
841 2217 981 2304 'Comitis
1008 2237 1232 2304 Gumuricnsls
1258 2243 1293 2301 et
1320 2234 1366 2301 de
1383 2234 1518 2320 Borsoth,
1563 2237 1564 2244 ’

398 2344 545 2428 Magistri
562 2343 712 2426 Markasij
741 2341 797 2426 lilij
825 2343 970 2424 Fclkus,
997 2343 1145 2426 Magistri
1174 2342 1312 2408 bladari
1338 2341 1400 2426 filij
1420 2340 1516 2424 Chele,
1563 2335 1564 2338 '

298 2537 303 2544 ¹
399 2449 523 2518 Detrici
546 2457 579 2518 st
595 2450 728 2535 Georglj
747 2450 883 2517 liliorum
900 2439 1517 2534 symonislhrcnselss‘hllffrre-rhardt,

400 2558 542 2626 Feldrici
560 2558 668 2624 fratris
687 2557 794 2643 Belus,
812 2564 844 2622 et
860 2559 949 2624 Petri
966 2558 1021 2642 tilij
1040 2557 1219 2626 Michaelis.
1236 2555 1299 2634 Qui
1316 2577 1394 2623 cum
1409 2555 1516 2623 eisdem
1562 2563 1563 2566 ’

401 2667 552 2752 partibus
568 2665 611 2731 ad
628 2685 687 2732 nos
702 2664 920 2749 personaliter
939 2665 1133 2734 accedentes
1149 2665 1241 2731 nohis
1258 2665 1442 2732 retulerunt
1456 2679 1518 2728 con·

400 2773 540 2838 corditer
555 2773 687 2840 oraculo
704 2771 779 2839 uiue
802 2772 914 2838 uocis:
940 2771 1026 2857 quod
1042 2779 1171 2858 propter
1187 2773 1306 2840 honum
1321 2771 1419 2859 pacis
1433 2769 1514 2855 ijdem

399 2885 555 2969 blagister
574 2883 747 2950 Ladizlaus
764 2881 953 2967 Propositus
974 2888 1006 2948 et
1033 2883 1149 2948 iratres
1174 2883 1223 2948 sui
1241 2883 1393 2967 prefatas
1408 2897 1516 2967 posses·

398 2993 506 3058 sioues
520 2991 658 3059 liodcan
675 2996 707 3058 ct
723 2989 959 3077 Scenthmyhal
977 2997 1110 3058 uocatas
1127 2990 1339 3073 reliquissent
1354 2989 1435 3075 ipsis
1449 2985 1515 3070 lilijs

398 3098 533 3166 Comitis
549 3099 635 3166 Petri
661 3105 693 3166 ct
717 3117 827 3165 sorum
853 3097 1027 3166 heredibus
1043 3097 1257 3183 possidendas
1285 3101 1515 3184 inperpetuum
1562 3121 1564 3124 ·

400 3209 535 3294 pacifice
551 3213 584 3275 et
600 3205 726 3292 quicte;
759 3207 944 3297 memoratis
969 3225 1046 3273 uero
1062 3206 1323 3292 possessionibus
1346 3205 1475 3271 Nehohe
1489 3205 1516 3266 et
1563 3223 1564 3230 ¹

398 3317 568 3402 Pagraach
585 3313 781 3400 nuncupatis
812 3315 1054 3382 remanentibus
1086 3314 1163 3399 filijs
1180 3313 1316 3381 Comitis
1340 3307 1508 3379 Alexandri

399 3432 556 3492 eteorum
574 3423 747 3490 heredibus
765 3421 983 3506 heredumque
1008 3442 1139 3490 sucrum
1156 3421 1402 3490 successoribus
1418 3415 1514 3486 simili-

398 3537 450 3599 ter
474 3539 631 3618 perpetuo
656 3531 878 3618 possidendis.
909 3533 1065 3598 Preterea
1092 3539 1203 3616 partes
1231 3530 1326 3598 nobis
1353 3527 1514 3595 retulerunt

399 3660 497 3726 super
513 3641 673 3725 diuisione
688 3641 723 3707 in
739 3639 813 3725 alijs
840 3639 1101 3725 possessionibus
1130 3661 1241 3707 corum
1266 3639 1353 3705 inter
1367 3639 1453 3724 ipsos
1467 3633 1514 3698 ha-

398 3749 486 3816 bita:
505 3748 592 3832 quod
609 3747 773 3832 quandam
791 3747 1030 3831 possessionem
1047 3767 1139 3813 suam
1157 3746 1342 3832 empticiam
1359 3741 1513 3830 Irypoulch

399 3863 619 3940 nuncupatam
653 3876 724 3922 cum
750 3855 910 3922 uniuersis
936 3855 1135 3922 utilitatibus
1162 3861 1195 3921 et
1219 3851 1431 3940 pertinenciis
1455 3848 1513 3916 suis

400 3963 497 4032 certis
514 3961 609 4030 motis
624 3960 810 4048 separando
827 3963 861 4028 in
878 3961 959 4028 duas
986 3969 1094 4046 partos
1112 3961 1322 4040 diuisissent,
1352 3981 1392 4026 ex
1411 3955 1512 4040 quibus

400 4090 559 4156 unapars
576 4079 705 4156 aparte
722 4069 928 4136 meridionali
944 4069 1028 4150 sita,
1057 4090 1128 4135 oum
1154 4067 1319 4137 uniuersis
1335 4063 1511 4133 utilitatibus

400 4181 477 4263 suis,
496 4177 649 4246 videlicet
665 4199 730 4245 vna
746 4198 818 4244 cunr
836 4178 953 4246 Castro
979 4176 1108 4244 Elushu
1132 4183 1336 4261 nuncupato,
1356 4181 1388 4240 et
1402 4169 1510 4256 specia-

400 4287 477 4354 liter
492 4305 564 4352 cum
580 4285 674 4353 terris
692 4285 732 4352 de
747 4285 840 4352 iuxta
856 4284 991 4351 fluuium
1008 4283 1102 4370 Toph
1122 4283 1358 4368 adiacentibus,
1375 4279 1510 4347 cessisset

400 4393 478 4480 filijs
494 4393 629 4462 Comitis
645 4391 825 4460 Alexandri
842 4391 1028 4478 antedictis,
1050 4399 1082 4458 et
1099 4393 1167 4458 suis
1182 4389 1356 4458 heredibus
1372 4391 1509 4476 perpetuo

403 4501 602 4590 possidenda
619 4507 651 4570 et
667 4501 841 4586 habenda;
868 4501 997 4586 reliqua
1021 4507 1115 4586 parte
1140 4500 1287 4568 eiusdem
1302 4506 1386 4566 terre
1400 4517 1418 4561 a
1432 4498 1508 4580 parts

401 4611 580 4706 aquilonali
596 4609 757 4684 existente
773 4629 846 4683 cum
871 4608 1017 4684 omnibus
1043 4605 1238 4682 utilitatibus
1265 4613 1299 4693 et
1314 4597 1505 4702 pertinencijs
