3124 5194
895 274 1057 376 Ά-

415 474 665 561 respondissent,
690 469 776 555 qnod
800 471 902 536 nobili
928 471 1070 554 domine,
1086 471 1198 536 relicte
1225 470 1372 536 videlicet
1394 473 1502 539 (lenitis

412 585 536 651 Γ11000
550 582 609 666 filij
629 581 750 647 Zlanch
766 579 806 647 de
822 599 943 663 genere
959 579 1072 644 Ohaak
1088 579 1199 663 Agnes
1216 585 1396 662 nuncupate
1414 581 1503 648 eadcn

414 703 501 760 10000
517 694 606 759 Foon
623 711 682 776 000
698 689 899 773 Stephanum
925 695 1002 752 tuno
1023 687 1187 772 juniorem
1211 689 1333 770 Regem
1357 681 1505 776 hungarie,

412 802 537 866 Ducem
553 799 805 865 Transiluanum
839 796 1014 862 Dominum
1032 793 1251 861 Cumanorum
1277 796 1394 862 collata
1411 799 1505 864 extitis-
1537 841 1539 852 ·

412 918 471 996 set,
488 915 520 975 et
534 927 599 972 non
615 906 710 974 alteri
727 905 834 989 alicui,
851 895 936 969 sicut
954 904 1072 968 Paulus
1089 913 1122 970 et
1136 903 1256 970 fratres
1272 905 1324 969 sui
1340 903 1394 988 filij
1410 903 1505 971 lohan-

412 1022 464 1087 nis
480 1016 679 1086 asserebant.
696 1012 738 1078 111
753 1011 829 1078 dnm
847 1013 878 1076 in
896 1011 1033 1076 termino
1049 1030 1108 1095 per
1139 1012 1246 1096 ipsum
1273 1009 1441 1078 Omodeum
1461 995 1505 1079 n.

412 1129 549 1196 latinum
574 1125 752 1207 assignato,
778 1120 877 1204 inem
904 1119 1058 1204 Magister
1081 1109 1261 1186 Aladarins
1286 1127 1318 1186 et
1343 1121 1506 1190 Benedictus

410 1237 588 1303 Ruthemns
604 1231 813 1318 priuilegium
829 1228 974 1295 eiusdem
990 1229 1089 1312 Regis
1113 1228 1283 1312 Stephani,
1310 1237 1345 1295 ut
1368 1249 1507 1314 00000000

410 1354 494 1432 0001,
511 1342 744 1420 exhibuissent,
762 1339 943 1425 continens,
960 1341 996 1402 nt
1011 1358 1069 1423 per
1095 1337 1232 1403 eundem
1258 1339 1379 1422 Regem
1402 1339 1507 1424 Stepha-

409 1475 487 1522 num
503 1452 575 1537 ipsa
591 1448 754 1536 possessio
771 1447 862 1513 Foon
877 1445 981 1514 eidem
1008 1447 1139 1512 damine
1163 1447 1285 1531 Agneti
1311 1449 1424 1514 collata
1446 1450 1506 1512 erti-

409 1563 520 1630 tisset:
537 1559 635 1643 ijdem
650 1557 773 1623 Paulus
790 1564 822 1622 et
836 1554 953 1622 fratres
969 1555 1020 1620 sui
1035 1554 1095 1638 filij
1111 1551 1273 1622 Iohannis
1291 1545 1505 1641 respondissent

409 1691 451 1738 ex
467 1669 616 1751 aduerso,
641 1663 727 1750 quod
753 1663 961 1748 priuilegium
988 1682 1108 1745 eorum,
1135 1663 1221 1747 quod
1246 1684 1412 1731 commuue
1433 1664 1506 1748 snper

406 1778 493 1844 facto
510 1783 594 1842 terre
609 1775 699 1840 Foon
715 1771 875 1856 dicebant,
894 1790 952 1854 per
964 1770 1100 1836 eandem
1117 1770 1284 1838 dominam
1310 1775 1436 1838 matrem
1458 1773 1506 1853 110·

406 1883 489 1951 00101
516 1881 673 1968 ablatum,
699 1879 956 1944 reinnenissent:
981 1878 1098 1961 quibus
1123 1878 1223 1944 alium
1251 1880 1419 1945 terminum
1441 1879 1505 1945 iden

406 1990 569 2060 Omodeus
585 1986 755 2054 Palatinus
771 1987 974 2068 assignasset
990 1986 1097 2071 ipsum
1121 1985 1328 2072 priuilegium
1350 1987 1504 2054 exhibendi.

406 2097 557 2166 Termino
582 2097 692 2180 itaque
717 2114 777 2179 per
802 2095 908 2179 ipsum
940 2093 1119 2160 Omodeum
1149 2094 1340 2161 Palatinum
1365 2097 1504 2179 assignato

404 2227 469 2275 non
486 2206 679 2274 aduenieute
695 2203 780 2270 idem
798 2201 951 2286 Magister
976 2202 1155 2270 hludarius
1181 2203 1223 2268 ad
1250 2205 1445 2290 presenciam
1466 2225 1503 2268 00

404 2321 506 2382 01000
523 2321 677 2397 tanquam
688 2310 811 2395 judicis
827 2311 1016 2396 superioris,
1034 2320 1069 2377 ut
1084 2311 1203 2396 decuit,
1230 2315 1323 2379 iuxta
1347 2315 1444 2398 Regni
1465 2333 1503 2377 00

402 2425 462 2490 stri
478 2420 741 2489 consuetudinem
752 2417 888 2484 eundem
907 2437 1040 2484 cansam
1056 2419 1191 2486 deduxit
1208 2421 1429 2490 decidendam.
1452 2421 1503 2500 Quo

400 2527 1502 2615 terminoadneniente,licetprorogecionessuerintinterparteshla-

400 2637 501 2724 gister
517 2635 691 2703 hludarius
700 2641 897 2701 memoratus
914 2635 1116 2718 presentibus
1142 2635 1244 2702 Paulo
1269 2645 1306 2705 01
1336 2639 1430 2704 Petro
1444 2636 1501 2718 filijs

400 2745 557 2812 Iohannis
584 2742 778 2827 memoratis,
804 2761 875 2808 cum
891 2741 1113 2827 procuratorio
1128 2743 1305 2810 sufficienti
1323 2745 1464 2831 Stephani
1480 2749 1502 2806 01

399 2853 527 2921 Andree
542 2851 678 2918 fratrum
695 2871 834 2935 sucrum,
853 2849 1000 2915 exhibuit
1016 2849 1109 2918 nobie
1119 2851 1331 2935 priuilegium
1344 2853 1436 2936 Regis
1450 2853 1501 2918 Ste-

400 2961 502 3048 phani
514 2968 660 3044 tempore
676 2959 820 3024 Ducatus
831 2957 882 3024 sni
893 2956 1082 3045 consectum,
1100 2960 1268 3026 continens
1282 2962 1501 3028 hnuctenorcn.

507 3067 689 3154 Stephanus
706 3066 746 3130 D.
764 3085 812 3148 gr.
825 3067 936 3151 junior
951 3068 1020 3133 Rex
1037 3067 1208 3150 Hungarie
1224 3071 1286 3136 011.
1314 3067 1498 3158 (1000011011

399 3179 439 3246 V.
455 3178 570 3244 Istvtu
586 3174 693 3242 alrlsor
704 3173 807 3258 ifjabb
825 3173 1502 3264 11011000101269-101000001001000100101

398 3283 680 3370 gyujtemenyenk
697 3283 784 3350 VIII.
796 3283 911 3368 vagyis
929 3304 950 3349 a
965 3285 1115 3352 masodik
1131 3285 1254 3370 folyam
1270 3285 1333 3354 III.
1350 3285 1500 3354 hdtetdhcn

399 3390 529 3479 2301.)

390 3559 393 3566 .
504 3499 572 3566 Nos
587 3501 698 3584 itaque
714 3499 785 3566 viso
808 3499 979 3586 priuilegio
995 3501 1095 3584 Regis
1111 3500 1270 3588 Stephani
1286 3505 1501 3589 0000001010,οῑ

397 3615 508 3676 tenore
525 3607 669 3676 eiusdem
695 3609 861 3694 perlecto,
889 3609 1025 3675 Paulum
1051 3614 1084 3675 et
1101 3611 1230 3676 Petrum
1256 3613 1342 3680 filios
1367 3605 1501 3678 Iohannis

397 3715 603 3804 supradictos
620 3716 772 3783 duximus
789 3715 901 3782 ordine
923 3716 1094 3783 iudiciario
1120 3718 1350 3806 requirendos,
1367 3721 1395 3786 01
1411 3725 1500 3784 000100

396 3824 604 3912 priuilegium
622 3823 766 3890 eiusdem
783 3825 884 3908 Regis
901 3823 1059 3908 Stephani
1085 3825 1240 3892 haberent
1255 3829 1452 3894 occasionem
1466 3820 1499 3886 ali

396 3955 495 4020 quam
511 3932 707 4020 opponendi,
727 3933 780 4000 uel
806 3933 920 4015 aliqua
946 3933 1162 4000 instrumenta
1177 3943 1289 4003 000100
1305 3937 1407 4022 ipsum
1423 3930 1501 4019 prini-

273 4075 279 4084 ·
395 4043 516 4126 legium
532 4039 705 4108 exhibendi
720 4063 727 4124 3
745 4041 801 4123 qui
818 4040 993 4126 priuilegio
1009 4041 1154 4110 eiusdem
1170 4045 1269 4127 Regis
1282 4044 1431 4130 Stephani
1446 4038 1497 4106 nul·

395 4152 461 4217 lam
477 4169 590 4217 uocem
605 4149 876 4216 contradiecionis
893 4149 1078 4217 emiserunt.
1096 4151 1189 4217 Vnde
1205 4173 1264 4220 000
1279 4153 1383 4237 ipsam
1400 4159 1494 4217 terram

392 4257 484 4326 reon
500 4279 567 4326 una
583 4279 656 4326 cum
674 4257 1027 4343 Βο000011000001010,
1058 4259 1135 4343 quia
1169 4259 1269 4343 iidem
1285 4261 1342 4346 filij
1361 4254 1494 4328 Johannis

393 4369 518 4435 nullam
537 4367 617 4434 dare
633 4372 806 4451 potuerunt
821 4367 1007 4454 racionem,
1025 4371 1143 4453 quihus
1161 4369 1380 4437 mediantibus
1394 4368 1425 4433 10
1438 4365 1494 4448 ipsa

392 4484 481 4544 terra
496 4475 585 4543 Foou
600 4475 784 4542 habuerunt
801 4477 999 4564 porcionem,
1031 4477 1098 4562 ipsi
1124 4477 1252 4545 demine
1269 4477 1366 4545 matri
1381 4471 1495 4552 Nicolay

393 4585 635 4656 sentencialiter
660 4581 862 4653 decreuimus
888 4592 920 4652 et
945 4587 1134 4674 reliquimus
1151 4595 1305 4675 perpetuo
1338 4596 1369 4654 et
1383 4582 1496 4674 pacifice
