3132 5192
84 1117 115 1180 A
131 1121 234 1202 9μόνί
251 1117 480 1202 kuptoluuaak
495 1118 771 1203 hizonyaciqleocle,
805 1119 888 1204 hoqy
915 1118 1022 1201 Zyuki
1038 1116 1176 1184 Loriucc
1193 1121 1226 1183 ca
1353 1099 1361 1106 ⁵

86 1225 240 1290 Demeter
263 1226 411 1312 bizouyoe
418 1224 686 1312 fildbiriokokui
704 1227 826 1310 Burrio,
845 1227 954 1293 Burrio
976 1227 1097 1310 fiducie
1112 1225 1222 1291 cladio-

509 1334 694 1420 9oaa'tottrik.
714 1333 811 1398 1291.
1037 1335 1041 1346 “

200 1525 274 1593 Nos
290 1525 667 1610 CapitulumJaurieusis
677 1526 824 1596 Ecclesie
834 1527 987 1593 memorie
997 1524 1223 1592 commendan-

88 1629 208 1698 dantes
226 1631 452 1715 significamus
468 1633 586 1718 quibus
602 1633 734 1720 expedit
750 1635 954 1720 presencium
979 1652 1039 1716 per
1063 1637 1220 1711 tenorem,

88 1735 173 1820 qnod
201 1736 385 1805 Laureneic
410 1743 442 1804 et
466 1739 631 1806 Demetrio
655 1739 733 1826 ffliJs
758 1741 854 1825 Zynk
878 1739 1042 1806 nobilibus
1064 1739 1105 1804 de
1128 1739 1224 1824 Zynk
1311 1757 1315 1769 ·

1 1835 2 1840 ’
89 1863 145 1928 pro
162 1864 200 1910 se
218 1845 263 1910 ab
280 1864 344 1910 una
369 1851 474 1930 parte,
501 1847 606 1913 Bareh
631 1846 698 1914 filio
724 1847 831 1914 Barch
857 1845 1008 1913 similiter
1032 1865 1091 1932 pro
1114 1865 1151 1912 se
1182 1845 1222 1912 de

89 1949 204 2017 eadem
224 1972 269 2018 ex
284 1953 398 2038 altera,
414 1973 523 2018 coram
539 1953 634 2021 nobis
659 1953 874 2036 personaliter
898 1953 1096 2037 constitutis,
1123 1950 1222 2036 ijdem

88 2057 294 2126 Laurencius
320 2066 353 2126 et
382 2061 567 2150 Demetrius
592 2059 778 2145 porcionem
803 2081 896 2128 suam
921 2079 1019 2143 quam
1043 2057 1164 2125 habent
1189 2059 1222 2124 in

1 2251 2 2254 Ἴ
90 2171 179 2233 terra
204 2166 384 2234 Clementis
410 2186 450 2232 ao
474 2166 582 2252 Egidij
609 2169 826 2254 proximorum
853 2187 982 2234 suorum
1007 2166 1078 2233 sine
1102 2163 1221 2231 herede

90 2269 336 2358 decedencium,
370 2291 467 2356 quam
491 2273 621 2357 quidem
641 2273 827 2359 porcionem
845 2275 959 2341 Comes
985 2271 1159 2357 Gregorius
1185 2269 1220 2336 fi·

1 2398 2 2429 1
89 2373 153 2442 lius
166 2378 258 2444 Petri
286 2380 505 2449 mediantibus
529 2380 647 2448 uostris
672 2379 934 2466 priuilegialibus
959 2379 1075 2445 litteris
1101 2375 1221 2454 eisdem

90 2501 147 2566 pro
158 2485 306 2568 quinque
317 2487 433 2553 marcis
444 2494 476 2552 et
486 2486 610 2555 fertone
619 2485 760 2553 latorum
771 2486 977 2553 denariorum
988 2483 1221 2551 Viennensium

1 2642 2 2649 ,
93 2589 301 2674 antiquorum
328 2593 476 2660 uendidit
500 2613 610 2661 coram
635 2595 740 2679 nobis,
757 2594 863 2660 eidem
888 2593 993 2660 Baroh
1021 2590 1089 2658 filio
1114 2591 1220 2658 Baroh

1 2767 2 2795 ἒ
93 2715 149 2778 pro
166 2697 271 2765 tribus
290 2701 409 2766 marcis
434 2700 649 2768 consimilium
682 2701 888 2770 denariorum
914 2700 1147 2767 Viennensium
1175 2697 1221 2782 pi-

1 2809 3 2894 }
97 2805 188 2883 gnari
205 2804 412 2890 obligarunt;
429 2808 488 2873 tali
504 2807 609 2894 modo,
625 2809 712 2891 quod
728 2807 986 2892 quandocunque
1005 2804 1165 2872 uolnerint
1185 2811 1216 2870 ct

2 2989 3 3000 ἵ
97 2905 235 2977 facultas
252 2912 302 2979 eis
318 2915 509 3000 suppeterit,
527 2935 586 3002 pro
610 2935 760 3001 sumpma
786 2915 938 3001 superius
955 2931 1111 2998 expressa
1136 2909 1217 2976 redi·

97 3016 201 3083 mendi
217 3017 364 3087 habeant
379 3021 514 3087 liberam
532 3021 734 3090 facultatem.
760 3025 881 3090 Datum
906 3020 1009 3087 tercia
1035 3018 1117 3085 seria
1142 3037 1219 3102 pro·

96 3122 180 3189 xima
195 3133 270 3212 post
287 3125 402 3194 festum
419 3129 520 3194 Beate
545 3129 701 3197 Katerine
726 3129 872 3213 uirginis,
899 3147 985 3195 anno
1009 3122 1140 3193 Domini
1170 3123 1220 3188 Μο

98 3229 316 3301 ducentesimo
332 3233 545 3317 nonagesimo
561 3235 674 3319 primo.

99 3443 235 3506 (Ercdetie
248 3447 424 3520 biirhairtyin,
437 3466 454 3502 a
466 3449 558 3517 peccet
571 3448 648 3503 hierii
661 3451 719 3505 voli
731 3451 782 3503 oda
795 3465 920 3518 nycmva,
941 3451 975 3502 de
998 3445 1054 3501 mir
1077 3441 1218 3501 romulee.

3 3547 4 3556 ³
332 3555 334 3560 ’
397 3555 414 3590 a
427 3555 511 3592 noma.
525 3555 648 3593 maneum
674 3537 913 3606 keairctiiraban.)

552 3823 759 3842 *-
