3146 5192
517 279 554 312 ’“
588 305 744 406 uteo..-
803 359 805 366 ψ

36 533 39 538 ·
103 496 192 562 diota
205 501 291 562 terra
305 495 470 580 Tragurij.
490 495 531 560 Et
546 495 647 578 iidem
673 495 799 564 Sindiei
827 507 1046 586 exposuerunt
1061 503 1227 576 Vniuerei·

108 601 166 668 tati
181 597 291 685 eidem,
305 608 475 688 propterte
491 600 724 670 Vniuersitatis
742 604 886 671 eiusdem
910 627 983 674 enm
1001 609 1179 680 Commune
1194 620 1226 679 et

9 779 12 804 L
108 703 284 775 hominibus
300 705 386 775 diote
401 713 488 774 terre
503 705 657 793 'l'ragurij
674 708 885 778 eoncordium
900 711 1101 782 antedictam
1118 725 1150 784 et
1166 739 1223 806 pa

105 814 313 882 seminalem
329 811 521 900 assignasse
536 813 639 882 eidem
665 815 882 907 Vniuersitati
891 869 902 906 ,
921 839 981 904 per
995 803 1163 906 publicum
1178 825 1225 893 in·

9 935 11 1008 ζ
103 928 310 988 strumentum
337 921 379 988 de
393 922 468 1007 ipsa
492 923 667 990 eoncordia
692 924 727 989 in
741 909 891 1009 predicta
915 923 1056 998 ciuitate
1071 930 1224 1021 Tragurij

9 1075 11 1122 ᾖ
102 1027 217 1095 tautum
233 1049 332 1096 manu
346 1027 465 1095 Sirooti
480 1029 569 1095 Petri
589 1029 629 1097 de
660 1032 805 1116 Aneona,
820 1033 1015 1101 auotoritate
1043 1035 1221 1126 Imperiali,

9 1155 11 1212 t
102 1143 135 1201 et
151 1136 343 1202 anctoritate
358 1135 445 1202 diets
461 1135 611 1204 Ciuitatis
629 1137 781 1221 Tragurij
797 1137 903 1205 Jurati
934 1139 1086 1228 Notarij,
1118 1151 1225 1212 sotum

97 1249 135 1309 et
148 1242 370 1310 oonfirnnaturn
388 1245 423 1309 in
439 1243 585 1312 Consilio
601 1243 759 1312 Generali
775 1242 928 1314 Ciuitatis
945 1246 1090 1314 eiusdem
1113 1249 1147 1316 in
1166 1272 1225 1336 pa·

9 1339 11 1448 ζ
100 1351 183 1416 laoio
198 1351 396 1418 Communis.
413 1351 476 1417 Per
492 1349 579 1434 qnod
595 1349 844 1420 instrumentum
869 1352 1013 1420 eonstitit
1020 1407 1031 1442 ‚
1064 1355 1152 1439 quod
1167 1357 1225 1424 do·

9 1457 11 1550 j
100 1459 204 1525 minus
218 1457 379 1525 Nieolaus
395 1457 549 1524 Sindious
565 1463 598 1522 et
612 1464 801 1543 proourator
827 1455 1012 1527 Communis
1037 1461 1123 1529 diota
1139 1467 1226 1532 terre

100 1564 251 1650 ‘l'ragurij
268 1562 313 1632 ad
328 1565 388 1632 heo
404 1563 594 1650 specialiter
609 1565 805 1636 constitutus
820 1572 852 1632 et
877 1566 1048 1636 ordinatus
1063 1567 1097 1634 in
1113 1567 1223 1637 Consi·

9 1667 14 1758 ξ
95 1671 144 1739 lio
159 1675 314 1743 Generali
333 1681 366 1740 et
381 1673 525 1759 Speoiali
542 1669 628 1739 dioto
643 1673 806 1758 ciuitatis,
825 1674 954 1742 nomine
969 1681 1002 1742 et
1016 1675 1087 1742 vioe
1103 1676 1224 1744 (linita

9 1863 11 1878 ἓ
98 1782 139 1848 tis
154 1781 309 1867 prediote,
324 1779 401 1847 feeit
418 1786 450 1846 et
465 1779 616 1864 promisit
631 1778 712 1864 ipsis
731 1779 859 1862 Angelo
875 1787 908 1847 et
921 1777 1063 1849 Jobanni
1078 1783 1221 1856 Sindiois

97 1886 249 1954 (luimus
259 1887 443 1972 Vestarum,
469 1885 704 1971 resipientibus
735 1885 866 1953 nomine
896 1906 936 1953 ao
950 1887 1021 1956 riee
1036 1887 1229 1960 Communis.

9 2005 17 2082 gs
91 2013 151 2060 seu
166 1992 396 2061 Vniuersitatis
413 1993 594 2076 Venturum,
611 2011 724 2075 paoem
756 1999 944 2078 perpetuam
960 2001 994 2060 et
1019 2013 1129 2062 veram
1146 2015 1221 2064 oon-
1285 2069 1289 2074 .

9 2143 13 2184 ι
95 2101 250 2187 oordiam,
267 2099 349 2168 sieut
364 2101 408 2168 ab
424 2097 558 2182 antiquo
574 2096 638 2164 fnit
663 2098 747 2166 inter
766 2105 936 2182 tuumque
952 2101 1136 2188 Commune,
1147 2124 1220 2190 per·

9 2225 12 2304 Ν,
93 2212 190 2294 petuo
204 2208 338 2292 babere,
355 2213 469 2274 tenere
479 2211 511 2274 et
526 2205 703 2273 obseruare
713 2224 785 2273 oum
796 2203 969 2274 Communi
988 2215 1020 2275 et
1034 2209 1220 2280 hominibus

9 2305 16 2412 ζ
93 2313 196 2398 ipsius
212 2311 366 2382 Ciuitatis
381 2313 555 2380 Vestarurn
564 2362 573 2396 ,
600 2312 718 2379 eteius
734 2310 991 2384 distrietualibns
1007 2315 1220 2386 existentibus

9 2503 11 2522 .
95 2420 137 2488 ao
150 2440 262 2488 eorum
278 2419 456 2504 mandatu
474 2425 507 2488 et
521 2439 586 2486 non
600 2417 777 2504 offendere,
794 2439 899 2504 neque
924 2421 1046 2489 offendi
1061 2421 1170 2490 faeere
1184 2424 1219 2490 in
1300 2405 1305 2414 ’

9 2543 11 2590 t
90 2529 250 2614 personna
265 2545 326 2594 neo
341 2526 447 2613 rebus,
466 2525 588 2592 dietum
603 2525 797 2612 (lummene,
807 2527 993 2609 singulares
1009 2547 1164 2615 personas
1181 2549 1220 2598 ao

9 2695 11 2706 ,
92 2633 309 2704 distriotuules
324 2633 410 2702 dioto
427 2641 513 2700 terre
543 2631 736 2714 Vestarnm3
769 2651 830 2698 neo
845 2633 948 2701 eoiarn
965 2639 1112 2720 prestare
1128 2634 1219 2702 auxi·

92 2743 169 2810 lium
187 2749 221 2810 et
235 2741 382 2808 fauorem
397 2737 562 2824 aliquibus
576 2737 762 2805 solentibus
778 2737 943 2808 offendere
958 2741 1012 2808 vel
1028 2761 1146 2811 nocere
1160 2742 1219 2809 bo·

91 2850 233 2920 minibus
247 2850 289 2915 de
306 2846 426 2933 Vastis,
442 2865 483 2912 ae
499 2843 757 2912 districtualibus
772 2843 875 2930 ipsius
891 2865 951 2929 per
966 2867 1067 2932 mare,
1079 2868 1141 2916 neo
1158 2867 1220 2932 per

90 2963 219 3024 terram.
233 2954 297 3023 Per
315 2952 403 3037 quod
417 2953 670 3020 instrumentum
687 2949 792 3018 eoiam
808 2951 965 3036 eonstitit,
975 2952 1064 3034 quod
1077 2953 1142 3040 ipsi
1151 2955 1218 3021 Au·

18 3098 22 3123 ι
90 3064 179 3146 gelus
196 3067 230 3127 et
244 3057 413 3128 Jobannes
429 3057 554 3126 Sindioi
581 3055 725 3124 eiusdem
743 3063 828 3124 terre
843 3057 1028 3147 Vestarnm,
1046 3079 1106 3144 pro
1119 3067 1218 3150 parte

90 3177 122 3234 et
134 3167 266 3236 nomine
281 3164 513 3233 Vniuersitatis
530 3163 677 3232 eiusdem
686 3163 786 3231 simili
802 3163 897 3232 modo
913 3163 1131 3250 promiserunt
1145 3183 1217 3254 pre·

91 3275 173 3342 dioto
190 3273 322 3340 domino
337 3270 474 3338 Nioolao
499 3268 631 3336 Sindioo
647 3277 681 3336 ot
695 3269 900 3355 procuratori
933 3268 1118 3338 Communis
1136 3275 1216 3340 Τια-

9 3361 11 3480 :
89 3381 184 3471 gnrij,
202 3378 373 3465 recipienti
388 3377 520 3444 nomine
536 3382 569 3442 et
583 3375 657 3444 vioe
689 3375 768 3444 dieti
792 3375 987 3458 Communis,
1013 3389 1047 3444 et
1070 3376 1218 3446 feserunt

9 3489 10 3494 ’
89 3509 202 3575 paeern
222 3494 254 3552 et
268 3505 379 3553 ueram
391 3481 607 3568 oonoordiam,
624 3482 722 3550 siouti
732 3484 996 3568 suprascriptum
1011 3491 1080 3569 est;
1098 3491 1130 3551 et
1139 3505 1218 3569 qua·

9 3573 23 3662 ⁵.
89 3595 156 3664 liter
172 3599 310 3678 vtraque
325 3610 403 3676 pars
420 3587 581 3676 promittit
597 3607 663 3654 rna
682 3587 778 3654 alteri
794 3587 836 3654 ad
854 3587 994 3654 inuicem
1009 3607 1068 3674 per
1083 3589 1217 3675 stipula·

89 3704 211 3772 monem
227 3702 408 3768 solemnem
422 3697 569 3785 predista
584 3698 694 3764 omnia
725 3700 757 3761 et
772 3695 905 3782 singula
924 3705 986 3763 eto.
1002 3697 1062 3764 iar.
1079 3705 1139 3764 eto.
1156 3700 1216 3765 sub

89 3811 185 3894 oblig.
203 3815 264 3876 ete.

193 3915 265 3994 Que
281 3912 390 3978 omnia
413 3907 520 3998 petita
535 3931 594 3998 per
612 3909 762 3977 homines
778 3906 931 3976 Ciuitatis
947 3907 1112 3992 tragurij,
1129 3901 1216 3992 quod

90 4023 149 4089 ista
180 4018 388 4088 Vniuersitas
418 4017 590 4084 vestanum
622 4013 829 4101 confirmare,
855 4014 1017 4082 ratifioare
1039 4020 1072 4079 et
1101 4033 1215 4097 aooep
1283 4052 1286 4059 ·

9 4141 11 4172 ¹
75 4135 154 4208 tare
187 4129 340 4213 deberet,
377 4122 492 4192 eadem
524 4121 728 4190 Vniuersitas
758 4123 793 4188 iu
817 4121 989 4208 preseneia
1017 4127 1129 4188 nostra
1158 4140 1216 4206 per

9 4173 14 4334 ἰ
93 4236 149 4304 ⁸011
181 4271 226 4285 -
261 4269 300 4280 -
321 4269 359 4280 -
388 4268 432 4281 --
449 4267 492 4280 -
527 4267 566 4278 -
585 4264 628 4276 -
659 4266 704 4277 -
722 4229 820 4277 —'—
847 4226 1097 4308 maliuoleneia‚
1128 4247 1216 4294 seru·

9 4335 11 4342 '
92 4344 164 4430 pulo
180 4347 214 4408 et
228 4338 411 4428 suspioione
425 4371 428 4376 ·
443 4334 588 4420 maligna
613 4334 815 4402 ooulirmanit
838 4339 871 4400 et
902 4332 1094 4420 aooeptauit‚
1125 4331 1215 4416 quod

59 4491 63 4494 ·
91 4453 263 4540 preseripto
279 4447 377 4517 modo
398 4447 596 4534 ordinatum,
611 4449 788 4512 traetatnm
813 4451 846 4510 et
869 4441 1065 4530 promissum
1091 4447 1141 4510 est
1156 4461 1215 4526 por

93 4559 191 4628 ‹liotos
218 4555 369 4626 Sintlioos
386 4576 445 4641 pro
468 4546 553 4621 bono
567 4551 659 4638 panis
675 4559 708 4618 et
733 4549 902 4620 eonoortlio
927 4548 1108 4634 antedieto3
1124 4567 1214 4618 man·

9 4577 12 4700 l

9 4705 12 4770 ι

9 4771 26 4946 i,

9 5035 22 5166 ,ἰ
111 5057 116 5064 ,
