3132 5192
916 298 979 364 142

390 502 538 591 petitorio
549 503 736 585 perpetuum
754 493 920 560 sileneium
938 491 1137 575 inponentes.
1149 483 1211 550 Per
1223 476 1444 562 diffinitiuanr
1456 489 1524 537 sen-

326 623 333 630 ·
391 613 529 678 tenciam
542 610 768 674 decernentes:
782 609 815 669 rt
824 593 1150 686 Arcbyepiscopalcs,
1162 588 1303 676 Capituli
1315 577 1525 664 Strigonien-

392 719 446 802 sis,
459 723 491 783 et
506 713 652 783 Ecclesie
667 711 779 778 Sancti
794 709 917 774 Thome
932 705 1080 792 populos,
1097 701 1183 766 intra
1199 697 1361 763 fossatum
1375 683 1525 754 Ciuitatis

391 821 623 908 strigoniensis
641 827 671 886 et
690 827 782 885 extra
797 816 1000 896 constitutos,
1027 828 1089 876 nec
1104 810 1138 873 in
1154 807 1205 872 ins
1234 818 1369 884 uocare,
1387 789 1525 869 indicis,

394 934 414 1000 J
418 936 578 998 oratorum
596 927 748 994 assistere
764 922 892 1007 iudicio,
909 941 970 986 neo
986 921 1084 986 ullam
1105 922 1203 981 nacta
1224 909 1405 979 occasione
1422 900 1527 980 aliqua

394 1040 525 1123 exigere
543 1035 715 1102 collectam
730 1033 869 1098 debeant
885 1031 938 1095 uel
965 1025 1118 1110 audeant,
1150 1019 1268 1088 necin
1293 1033 1356 1081 eos
1384 1004 1527 1074 iurisdic-

395 1148 522 1215 eionem
536 1164 595 1210 seu
611 1141 830 1209 cohercionem
862 1137 1008 1220 aliquam
1034 1149 1206 1211 exercere;
1233 1122 1319 1210 quod
1348 1119 1384 1186 si
1410 1121 1527 1182 conba-

393 1258 476 1322 rium
488 1258 683 1334 attemptare
703 1247 945 1335 presumserint,
962 1261 1090 1310 omnem
1117 1256 1233 1325 penam
1249 1226 1483 1320 pecuniariam
1499 1225 1528 1286 et

395 1362 606 1450 personalem,
624 1359 658 1423 in
683 1357 799 1441 quibus
824 1355 868 1421 ad
893 1359 1046 1435 nostram,
1065 1346 1237 1414 karissime
1261 1338 1384 1406 matris
1412 1335 1527 1412 nostre,

396 1469 631 1537 venerabilium
647 1474 785 1552 patrum,
803 1465 965 1529 &nonum
977 1467 1009 1526 et
1020 1457 1230 1544 plurimorum
1243 1447 1409 1517 nobilium
1427 1435 1527 1520 Regni

396 1577 499 1643 nostri
515 1574 710 1640 instanciam
727 1570 812 1637 idem
829 1566 1024 1636 venerabilis
1048 1566 1148 1630 Pater
1169 1566 1202 1626 et
1218 1555 1415 1643 Capitulum
1441 1563 1529 1611 sunm

397 1685 573 1752 liberaliter
605 1677 913 1762 condescendentes,
946 1671 1147 1743 remissionis
1172 1669 1221 1735 cis
1246 1663 1359 1730 tacere
1387 1654 1526 1741 graciam

398 1795 631 1880 promiserunt;
660 1796 691 1855 et
710 1789 738 1854 si
756 1788 806 1852 uel
822 1783 1076 1871 appellaoionis,
1097 1798 1155 1847 seu
1180 1766 1442 1861 prouocationis,
1466 1759 1529 1826 siue

400 1903 460 1968 sub
477 1900 586 1983 aliquo
612 1899 679 1964 alio
705 1896 813 1961 locate
838 1913 895 1961 sue
919 1889 1050 1957 malicie
1080 1887 1265 1953 uelamento
1296 1880 1389 1944 circa
1423 1885 1525 1936 ornnes

399 2009 575 2095 premissos
592 2005 755 2087 articulos,
771 2003 825 2068 uel
840 1999 986 2084 singulos
1010 1994 1240 2083 premissorum
1269 1987 1418 2072 sopitam
1443 1980 1524 2046 litem

398 2117 564 2203 refricare,
580 2119 612 2182 et
630 2113 663 2178 in
678 2110 820 2180 recidiue
836 2106 1048 2175 dissensionis
1064 2097 1319 2190 presumpserint
1336 2086 1525 2159 resuscitare

399 2224 604 2310 scrupulum;
622 2240 725 2307 penas
740 2217 946 2305 pecuniarias
974 2221 1006 2280 et
1027 2210 1227 2299 personales,
1254 2221 1399 2288 quarum
1424 2191 1522 2262 remb-
1564 2237 1565 2242 η

399 2332 523 2398 sionem
541 2336 662 2414 nostra,
679 2326 850 2392 karissime
867 2321 979 2401 matris
996 2326 1112 2402 nostre,
1130 2309 1373 2383 venerabilium
1390 2311 1524 2390 patrum,

400 2438 563 2504 Beronum
580 2443 612 2502 et
627 2434 785 2500 nobilium
801 2433 906 2516 Regni
921 2429 1023 2496 nostri
1038 2425 1178 2494 obtinuit
1194 2417 1409 2502 interueneio,
1427 2417 1460 2476 et
1474 2427 1518 2472 er·
1563 2421 1565 2428 ⁴

403 2543 707 2612 eommunicaoionis
724 2541 901 2626 sentencie,
919 2539 959 2604 de
975 2556 1042 2620 qua
1058 2555 1114 2602 eos
1131 2532 1262 2600 absolui
1278 2533 1399 2595 nostra
1415 2532 1447 2589 et
1462 2533 1522 2602 pre·

401 2652 574 2720 missarum
590 2651 731 2718 omnium
749 2667 960 2735 personarum
976 2643 1069 2710 nobis
1085 2639 1312 2710 assistenoium
1328 2627 1521 2715 frequenset
1563 2639 1565 2700 j

364 2841 367 2849 Ι
406 2761 549 2844 assidua,
566 2779 631 2826 non
648 2758 718 2824 sino
736 2758 835 2822 multa
850 2755 1052 2837 difficultate,
1070 2750 1175 2836 potuit
1191 2743 1368 2826 instancia,
1385 2742 1458 2822 ipso
1481 2728 1497 2794 s
1511 2765 1520 2774 ·

408 2875 460 2934 cto
475 2867 579 2934 subici
595 2866 812 2933 merebuntur.
831 2863 899 2928 Nec
915 2859 1070 2944 liceateis
1087 2855 1195 2938 aliquo
1214 2849 1405 2938 priuilegio,
1432 2858 1520 2908 aurea
1564 2823 1565 2912 s

405 2977 456 3042 nel
473 2993 568 3042 cerea
585 2975 674 3040 bulla
691 2992 812 3057 presso,
830 2989 926 3054 super
942 2965 1111 3053 premissis
1127 2962 1275 3031 omnibus
1293 2957 1342 3025 uti
1368 2956 1403 3022 in
1428 2951 1518 3033 figura
1564 2935 1565 2984 3

402 3080 521 3164 Judioij
535 3080 588 3146 uel
600 3087 701 3164 extra,
716 3084 827 3144 contra
838 3075 1148 3160 Archyepiscopum,
1161 3068 1417 3154 Capitulumquo
1428 3074 1519 3137 snum,
1564 3039 1565 3086 3

403 3189 606 3272 Propositum
623 3193 655 3252 et
671 3185 850 3252 Ecclesiam
867 3182 978 3250 Sancti
994 3182 1127 3262 l'lromc,
1143 3183 1300 3262 qnantum
1326 3173 1372 3237 ad
1400 3179 1517 3236 venera·

403 3296 500 3362 bilem
516 3302 641 3381 patrem
658 3302 691 3362 et
706 3293 883 3359 Ecclesiam
910 3311 1002 3359 suam
1027 3285 1284 3372 strigoniensem
1310 3270 1402 3348 circa
1426 3267 1519 3342 omnia
1564 3349 1565 3356 ἵ

403 3404 566 3490 premissa
582 3409 615 3468 et
631 3401 762 3482 singula
778 3399 1029 3484 premissorum,
1047 3393 1209 3462 reuocatis
1226 3393 1259 3458 in
1276 3389 1406 3458 irritum
1422 3395 1518 3450 eorun-
1563 3379 1565 3418 ³

404 3511 477 3576 dem
494 3510 613 3576 ciuium
630 3509 738 3575 aureis
755 3509 806 3572 uel
822 3505 925 3573 cereis
942 3505 1089 3572 omnibus
1106 3499 1351 3582 instrumentis3
1381 3483 1518 3560 subituris
1562 3535 1565 3560 ,

404 3617 632 3682 nichilominus
649 3615 775 3682 ciuibus
791 3634 921 3700 penam,
938 3632 1033 3697 quam
1059 3609 1303 3678 refricatoribus
1320 3612 1353 3674 et
1379 3595 1519 3668 recidiua·
1564 3605 1565 3648 3

406 3722 529 3788 toribus
560 3722 738 3806 sopitarum
769 3742 830 3808 per
860 3721 1067 3787 diffinitiuam
1098 3719 1300 3786 sentenciam
1331 3711 1516 3800 questionum
1564 3739 1565 3790 3

404 3829 575 3914 imponunt
590 3837 795 3913 utrorumque
810 3829 831 3895 J
834 3827 936 3894 urium
953 3827 1098 3911 legitime
1112 3825 1292 3912 sacciones,
1312 3829 1345 3888 et
1362 3839 1426 3888 non
1450 3807 1517 3877 leuis
1563 3871 1565 3874 .

405 3936 607 4004 auctoritatis
623 3935 727 4002 tocius
746 3937 849 4019 Regni
865 3936 978 4021 nostri,
1011 3943 1047 4002 ut
1071 3933 1286 4021 premisimus,
1322 3950 1394 3996 mos
1420 3921 1512 4001 uulgt·
1563 3917 1565 3950 ¹

406 4051 468 4109 tus.
484 4042 526 4109 Vt
543 4048 651 4108 autem
662 4041 703 4107 de
719 4041 837 4119 lundis,
848 4043 957 4128 enrijs,
975 4044 1069 4127 areis,
1087 4062 1144 4109 seu
1161 4038 1298 4124 editicijs
1315 4036 1515 4123 predictarum

406 4148 641 4232 Strigoniensis
658 4159 691 4214 et
700 4149 811 4214 Sancti
828 4147 952 4216 Thome
968 4149 1187 4216 Ecclesiarum
1200 4146 1336 4231 mansis,
1351 4137 1513 4210 mansiona-
1564 4119 1565 4132 ¹

406 4257 475 4344 rije,
493 4277 550 4324 seu
566 4255 724 4342 inkylinis
740 4255 828 4322 intra
844 4257 1000 4324 fossatum
1020 4255 1255 4338 strigoniensis
1275 4251 1426 4319 Ciuitatis
1450 4241 1514 4309 eris·
1563 4301 1565 4310 ,

406 4365 556 4449 tontibus,
572 4381 669 4447 super
686 4361 802 4444 quibus
828 4361 922 4428 nobis
949 4363 1194 4429 sentencialiter
1221 4360 1512 4434 indicendorum
1564 4337 1565 4386 3

406 4471 473 4537 uidi
488 4477 519 4537 et
537 4470 668 4538 discreti
687 4470 758 4554 viri,
778 4469 936 4552 Magister
953 4467 1136 4556 Cyprianus
1152 4471 1271 4536 Lector
1284 4455 1509 4554 Strigonicnsis,
1564 4495 1565 4542 3

407 4579 560 4672 Magister
588 4577 797 4664 Serapbynus
827 4575 1014 4662 Propositus
1039 4575 1260 4662 Posoniensis,
1289 4577 1440 4658 Magister
1460 4560 1513 4628 Wt·
1564 4559 1565 4564 ’

1562 4683 1565 4804 l
