3180 5202
531 412 705 512 “aco—y

22 601 250 674 mansissent.
268 608 354 675 llete
369 614 491 692 autem,
509 625 573 690 que
588 613 744 692 separant
770 606 876 690 ipsam
901 609 1035 674 terciam
1050 611 1176 695 partem

21 733 44 779 a
61 711 233 799 predictis
250 714 376 784 duabus
391 717 539 803 portibus
548 768 558 802 ,
578 715 662 782 siout
693 715 793 800 ijdem
810 717 957 784 homines
973 716 1076 784 nostri
1091 718 1172 785 reci-

22 827 160 909 tarunt,
179 827 256 889 sunt
271 824 331 890 he:
348 824 435 907 quod
450 825 557 910 prima
566 830 654 890 meta
664 823 819 908 incipitur
835 823 928 890 iuxta
944 823 1078 892 fluuium
1095 825 1176 891 Har·
1301 896 1302 906 χ

23 927 125 1015 nad3
146 929 270 997 abhinc
285 951 345 1016 per
360 951 473 1000 nemus
504 929 652 998 exeundo
683 933 773 998 venit
804 931 847 998 ad
863 952 1014 1018 magnam
1031 933 1130 1020 viam,
1148 937 1180 1000 et

24 1037 159 1104 transit
176 1037 293 1124 ipsam,
310 1045 342 1105 et
358 1039 451 1106 iuxta
466 1039 631 1125 quoddam
664 1039 764 1106 berch
781 1039 887 1124 iungit
918 1045 984 1107 tres
1000 1047 1119 1125 metas;
1136 1039 1178 1105 de

29 1145 165 1228 quibus
183 1145 230 1212 ad
246 1147 446 1215 occidentem
457 1147 564 1215 eundo
581 1167 641 1234 per
656 1153 767 1215 ternas
785 1153 818 1213 et
832 1153 942 1215 ternas
957 1153 1061 1216 metas
1076 1147 1181 1232 iungit

26 1254 189 1337 quinque
205 1261 309 1320 metas
325 1255 483 1338 capitales
499 1261 583 1323 terre
599 1255 750 1322 Radwan
767 1261 901 1333 vocate3
919 1261 950 1322 et
965 1253 1011 1322 ibi
1028 1255 1182 1322 termina·

28 1367 97 1426 tur.
116 1363 165 1426 Et
183 1360 349 1447 predictus
365 1361 559 1450 Alexander,
577 1369 610 1430 et
621 1363 737 1430 Oomcs
752 1363 843 1429 hliko
861 1361 1054 1452 antedictus,
1071 1383 1180 1431 coram

30 1468 139 1536 nobis
158 1469 331 1536 constituti
348 1469 456 1537 codem
473 1469 568 1537 modo
583 1471 695 1539 omnia
709 1471 870 1558 premissa
884 1471 1098 1540 affirmarunt.
1114 1472 1179 1536 Da-

8 1649 13 1656 ·
32 1589 109 1644 tum
130 1577 167 1642 in
186 1576 270 1646 sesto
286 1578 388 1644 Beate
398 1575 602 1663 Margarethe
618 1578 755 1662 virginis
775 1599 860 1646 anno
876 1578 1008 1646 Domini
1024 1577 1180 1646 M⁰COO⁰.

42 1771 161 1840 (lstvan
174 1791 265 1826 comes
278 1772 518 1842 alorsnigbirdnak
535 1777 646 1829 racc-ki
656 1774 885 1840 iteletlevslbbtil¹
906 1774 974 1829 mint
995 1775 1107 1828 sentsbb
1120 1777 1181 1827 253.

571 1885 608 1920 su.
627 1867 665 1934 a.)

519 2155 730 2165 *κι-

586 2601 663 2671 263.

53 2779 85 2846 Α
103 2784 223 2849 haatoi
238 2781 756 2870 kdptalaaaolchizoapsdpleoele‚
789 2784 873 2870 bopy
897 2783 1028 2866 Mltos,
1043 2782 1190 2864 Lb'ra'aca

55 2887 203 2969 Szomor,
228 2889 356 2973 Mihdty
376 2889 407 2953 cs
422 2889 485 2955 Pol
500 2889 754 2973 Jalobnakfiai,
770 2890 1001 2976 vapyoaakboor
1016 2888 1188 2954 oeztodrod·

538 2997 602 3062 tul.
620 2999 718 3064 1300.

163 3190 233 3260 Nos
264 3191 447 3277 Capitulum
473 3193 621 3260 Ecclesia
645 3192 824 3262 Hantensis
850 3192 1005 3260 memorie
1032 3209 1188 3256 commen-

53 3297 177 3367 dantes
192 3299 413 3383 significamus
429 3307 541 3366 tenore
560 3301 764 3386 presencium
781 3301 951 3388 uniuersis,
967 3297 1053 3385 quod
1070 3299 1189 3362 consti-

55 3407 136 3476 tutis
157 3425 266 3474 ooram
292 3407 386 3474 nobis
416 3405 632 3492 personaliter
662 3409 819 3492 magistro
845 3407 1003 3495 Nicolao,
1034 3402 1190 3487 magistro

57 3515 253 3600 Laurencio,
269 3516 427 3599 magistro
452 3516 572 3580 Zumur
581 3567 591 3602 ‚
607 3517 766 3600 magistro
790 3515 971 3603 Michaele‚
987 3521 1020 3581 et
1035 3511 1191 3598 magistro

53 3623 161 3689 Panlo
177 3623 257 3706 filijs
273 3621 419 3706 magistri
444 3622 571 3709 tasoni,
588 3622 729 3689 confessi
755 3631 846 3702 sunt3
872 3621 958 3707 quod
975 3621 1093 3688 diuisio
1108 3621 1193 3686 inter

56 3751 93 3798 se
111 3739 182 3797 tam
198 3729 231 3794 in
247 3728 429 3815 libertinis,
450 3727 567 3794 tamin
584 3728 733 3814 ancillis,
760 3736 827 3796 tam
844 3729 948 3796 eciam
964 3729 999 3794 in
1015 3727 1194 3814 possessio-

53 3837 157 3905 nibus
174 3857 233 3923 per
248 3836 418 3903 arbitrium
435 3841 466 3901 et
483 3833 723 3903 ordinacionem
750 3835 885 3904 ComitIs
906 3837 1006 3902 Keme
1020 3833 1079 3919 filij
1097 3831 1193 3898 Zoth-

33 3965 143 4029 ,moz,
160 3945 214 4028 qni
231 3964 289 4029 per
314 3945 508 4029 peticionem
539 3945 683 4028 ipsorum
708 3965 767 4030 per
785 3945 977 4028 magistrum
993 3940 1193 4025 Stephanum

60 4053 183 4119 missus
198 4051 314 4138 fuerat,
342 4053 493 4135 magistri
508 4051 679 4119 Michaelis
705 4051 763 4137 filij
782 4049 929 4135 magistri
945 4046 1115 4114 Michaelis
1131 4045 1192 4111 ira·

56 4161 115 4228 tris
132 4163 284 4245 ipsorum
301 4160 436 4227 Comitis
451 4159 623 4228 llichaelis
648 4158 761 4245 Sydon
787 4159 877 4246 dicti,
903 4157 1033 4226 Andree
1059 4161 1091 4221 et
1108 4157 1193 4221 Mar.

37 4250 40 4261 ¹
58 4269 117 4334 tini
133 4266 274 4334 tiliorum
293 4265 439 4352 Ohepani
465 4266 505 4334 de
521 4267 741 4351 generacione
770 4287 850 4350 sua,
875 4265 1011 4331 Comitis
1027 4261 1117 4330 Petri
1135 4261 1191 4346 filij

43 4375 205 4460 ·'l'ibnreij
222 4374 394 4463 dellens,
417 4381 449 4442 et
465 4375 593 4442 Nicolai
619 4373 758 4442 Cemobi
774 4371 815 4442 de
831 4375 926 4440 Buun
942 4408 987 4419 -
1004 4409 1043 4418 —
1063 4369 1195 4436 diuisio-

60 4485 112 4553 nis
129 4489 274 4570 ipsorum
290 4485 365 4552 talis
390 4484 592 4552 concorditer
617 4489 650 4549 et
674 4482 811 4568 pacifice
831 4480 993 4548 extitisset
1010 4485 1042 4545 et
1058 4475 1194 4562 fnisset5

65 4592 155 4677 quod
178 4593 285 4677 primo
311 4599 342 4657 et
367 4591 593 4679 principaliter
617 4589 774 4674 magistro
800 4591 919 4656 Zumur
937 4593 1023 4655 sorte
1039 4585 1196 4652 mittendo

69 4699 246 4770 cessissent
275 4719 333 4766 sex
349 4701 439 4766 curie
455 4701 488 4767 in
504 4699 598 4767 Rada
612 4720 633 4767 a
649 4697 791 4767 sessione
822 4695 925 4784 patris
956 4694 1099 4782 ipsorum
1116 4692 1196 4762 inci·
