3124 5194
865 333 1029 428 Ast..

370 545 408 592 co
423 521 599 592 viderimus
620 523 788 610 contineri,
804 521 1128 590 iaciemusiudicinm
1139 517 1522 614 interpsrtes,sicutde

372 629 502 698 iusticia
517 631 680 698 videbitur
695 631 862 718 expedire.
879 631 1001 698 Datum
1016 630 1174 717 Strigonij
1203 631 1288 701 feria
1311 639 1411 700 sexta
1441 653 1515 718 pro·

370 737 461 804 xima
475 744 550 824 post
564 737 687 806 testum
708 734 834 806 Sancti*
847 738 977 806 Nicolsi
986 739 1143 827 Episcopi
1153 747 1186 808 et
1196 739 1406 808 confessoris
1427 759 1518 806 anno

375 841 506 911 Domini
523 843 646 913 MCC·
661 845 877 930 nonagesimo
892 847 951 914 V.⁰

352 1005 356 1012 ·
457 1043 510 1108 (Αι
522 1046 621 1096 credeti
634 1042 701 1095 utin
713 1046 812 1096 Knsus
824 1041 945 1106 Mindon
967 1045 1085 1112 Mngysr
1098 1047 1163 1098 Sion
1181 1045 1233 1098 111.
1246 1047 1303 1098 hot.
1316 1047 1382 1096 933.
1395 1046 1428 1112 l.)

836 1311 1048 1326 a*

900 1863 978 1929 128.

376 2063 509 2124 Ma'rton
535 2083 632 2126 comes
663 2061 949 2147 olorszcipbircinok
974 2061 1123 2124 Pehchon
1153 2063 1309 2146 helyse'prc
1334 2063 1512 2126 vonackozo

833 2169 943 2231 ito'lete.
964 2165 1060 2230 1205.

486 2345 552 2412 Nos
570 2343 685 2410 Comes
704 2341 862 2408 Martinus
880 2341 1057 2426 Vicejndsx
1074 2340 1171 2408 Curie
1188 2344 1312 2410 domini
1328 2344 1433 2430 Regis
1450 2365 1509 2410 me

378 2454 479 2519 morie
504 2451 768 2519 commendantes
794 2449 1017 2534 significamus
1042 2451 1207 2518 uniuersis
1232 2454 1350 2533 quihus
1378 2451 1509 2537 expedit

380 2559 584 2645 presencium
600 2577 658 2642 per
672 2562 838 2641 tenorem;
860 2556 947 2640 quod
972 2577 1044 2622 oum
1062 2557 1177 2624 Comes
1202 2559 1345 2626 Thomas
1362 2559 1404 2624 de
1420 2561 1510 2625 Draa

380 2688 438 2752 pro
454 2687 492 2732 se
508 2673 540 2732 et
557 2684 615 2747 pro
631 2664 781 2732 omnihus
798 2665 874 2748 filijs
890 2685 930 2730 oc
946 2665 1201 2749 cognscionibus
1218 2665 1286 2732 suis
1301 2686 1374 2732 curn
1391 2665 1507 2732 litteris

379 2774 614 2857 procuratorijs
630 2773 773 2858 Capituli
789 2772 981 2855 Waeiensis,
998 2773 1114 2838 Comes
1134 2771 1320 2858 Stephanus
1335 2773 1422 2840 iilius
1439 2775 1508 2840 Aha

379 2901 438 2967 pro
453 2901 489 2950 se
505 2889 538 2947 et
553 2901 612 2966 pro
630 2880 705 2964 filijs
721 2883 810 2962 suis;
826 2880 904 2946 item
925 2879 1113 2963 Stephanus
1140 2879 1227 2946 iilius
1251 2881 1381 2966 Mycow
1398 2904 1457 2968 pro
1473 2903 1507 2950 se

380 2998 412 3056 et·
428 3011 485 3075 pro
501 2989 620 3056 Buzow
635 2988 735 3054 fratre
744 3007 802 3054 sno
820 3007 891 3052 cnm
903 2987 1137 3072 procuratorijs
1153 2987 1270 3055 litteris
1287 2989 1434 3075 Capituli
1450 2991 1506 3056 Bu-

322 3175 328 3182 ,
379 3097 506 3181 densis;
523 3115 561 3162 as
578 3095 694 3162 Petrus
711 3095 797 3161 tilius
814 3095 949 3160 Dedach
981 3115 1040 3180 pro
1057 3115 1093 3161 se
1109 3103 1142 3161 et
1158 3115 1215 3178 pro
1240 3095 1317 3180 filijs
1343 3097 1412 3164 suis
1438 3117 1505 3164 cum

379 3205 494 3272 litteris
519 3202 748 3288 procuratorijs
770 3202 957 3269 Conuentus
972 3200 1013 3268 de
1037 3203 1148 3287 Saagh
1164 3212 1379 3288 conponentes
1394 3214 1503 3272 contra

381 3313 537 3380 Comitem
547 3310 736 3378 Michaelem
749 3309 849 3375 filium
868 3309 1004 3395 uoltus,
1015 3311 1207 3393 Magistrum
1224 3312 1399 3394 Symonem
1419 3313 1498 3378 Can·

380 3420 549 3488 cellarium
590 3417 722 3482 domine
737 3418 879 3500 Regios,
905 3417 1062 3484 'rhomam
1090 3427 1122 3484 et
1153 3419 1287 3485 Pethsw
1314 3420 1399 3487 filios
1425 3423 1506 3488 eius-

382 3528 454 3592 dem
490 3523 624 3592 Comitis
664 3524 851 3609 Michaelis,
885 3543 925 3589 ex
957 3523 1074 3606 quibus
1107 3532 1140 3592 et
1171 3545 1230 3609 pro
1262 3525 1380 3609 quihus
1411 3528 1505 3612 ijdem

383 3635 538 3718 Magister
563 3631 685 3715 Symon
711 3637 745 3697 et
774 3631 917 3698 'l'homs
944 3649 1016 3699 cum
1044 3633 1275 3718 procuratorijs
1306 3634 1425 3701 litteris
1453 3636 1506 3702 do-

382 3743 462 3808 mini
487 3740 587 3824 Regis
611 3724 785 3824 aderant,'
798 3759 896 3824 agere
922 3741 1119 3824 voluissent;
1145 3739 1245 3826 ijdem
1270 3743 1428 3827 Magister
1451 3744 1504 3826 Sy·

383 3871 457 3916 mon
475 3858 506 3915 et
521 3847 665 3915 Thomas
691 3849 859 3914 accionem
880 3849 1030 3928 eiusdem
1058 3849 1192 3916 Comitis
1217 3849 1341 3917 'Phorne
1367 3872 1431 3919 non
1456 3871 1507 3918 au·

383 3960 534 4026 diuerunt
549 3955 704 4038 dicentes,
719 3957 805 4037 quod
821 3955 926 4023 dictus
944 3955 1060 4023 Comes
1080 3957 1225 4024 Thomas
1250 3965 1283 4024 et
1307 3959 1369 4043 filij
1397 3959 1446 4026 sui
1469 3979 1505 4024 es

382 4085 545 4136 consensu
571 4071 603 4130 et
618 4063 788 4131 uoluntate
815 4063 1030 4148 predictarum
1057 4065 1308 4146 generacionum
1334 4067 1503 4132 eorundem

381 4173 543 4262 pendente
558 4173 616 4238 lite
633 4171 821 4238 oitacionem
833 4170 985 4238 iecissent
1007 4191 1102 4256 super
1118 4171 1227 4255 ipsos;
1245 4172 1289 4236 ad
1305 4172 1368 4238 hoc
1384 4175 1503 4241 litteras

382 4281 619 4349 Cruoiferorum
644 4279 686 4345 de
702 4277 824 4344 Calidis
841 4277 944 4360 Aquis
961 4296 996 4343 se
1012 4277 1134 4343 hahere
1153 4285 1359 4366 asserentes;
1376 4287 1459 4348 statu
1474 4283 1503 4344 et

383 4389 498 4456 ordine
521 4388 659 4454 aliarum
680 4387 862 4452 litterarum
894 4389 1075 4451 nostrarum
1098 4383 1161 4469 ipsi
1178 4385 1294 4451 Comiti
1313 4384 1462 4454 Michaeli
1475 4393 1503 4450 ct

384 4497 461 4581 filijs
476 4495 544 4562 suis
575 4501 719 4562 statuere
736 4493 954 4559 commisimus
979 4493 1011 4558 in
1030 4493 1167 4561 termino
1199 4493 1233 4557 in
1250 4495 1377 4563 eisdem
1392 4495 1499 4562 litteris

386 4604 508 4670 nostris
524 4601 766 4669 memorialibus
783 4599 1027 4686 comprehenso.
1056 4601 1173 4670 Verum
1193 4622 1265 4669 cum
1282 4603 1344 4670 hoc
1361 4601 1493 4670 modoin
