3132 5192
584 343 742 455 —lr-r-

94 531 345 635 cumparuisset,
368 549 477 618 omnia
491 551 653 639 premissa
669 571 705 620 se
720 550 839 619 fecisse
854 550 1047 637 denegauit;
1075 543 1213 620 dicendo

92 655 176 742 quod
190 655 307 725 littere
321 656 463 743 Capituli
479 656 564 726 dicto
584 658 691 728 Judici
707 659 907 747 tmusmissc,
924 660 1092 742 inquibus
1108 660 1224 726 uerbe-

92 766 178 833 racio
194 763 343 832 hominis
367 763 489 831 domini
514 767 613 852 Regis
639 773 671 834 et
697 767 747 835 sui
773 766 949 852 testimonij
983 766 1220 852 continebatur,

91 871 220 942 omnino
237 872 326 941 false
341 879 450 942 essent
464 873 549 943 falso
573 876 667 943 modo
685 881 846 964 emanata,
858 895 923 942 nou
950 895 990 942 ex
1017 874 1224 944 consciencia

90 987 120 1048 et
134 981 311 1051 uoluntate
336 981 478 1068 Capituli
505 984 683 1051 memorati.
711 983 834 1062 Quibus
861 981 983 1051 auditis
1008 982 1094 1051 idem
1119 983 1227 1052 Judex

90 1088 327 1174 suspendendo
343 1091 444 1157 totale
454 1093 622 1175 negocium
634 1093 738 1160 dictas
755 1093 882 1159 litteras
898 1089 1042 1176 Capituli
1058 1092 1230 1160 memorali

90 1197 122 1263 in
137 1197 322 1282 panniculo
337 1197 483 1266 inclusas
499 1202 558 1266 sub
576 1199 681 1285 eapite
698 1199 801 1284 sigilli
819 1199 870 1265 sui
886 1200 950 1285 ipsi
968 1196 1118 1285 Capitulo
1134 1199 1227 1268 remi·

90 1310 185 1386 serat,
201 1307 239 1370 vt
257 1303 407 1377 uiderent
423 1313 456 1372 et
472 1305 645 1391 diligenter
660 1307 872 1392 inspicerent,
889 1314 921 1372 et
946 1306 990 1372 ad
1005 1305 1102 1374 fidem
1113 1327 1223 1376 eorum

88 1412 156 1479 Deo
172 1411 321 1479 debitam
340 1421 373 1480 et
388 1411 512 1482 Corone
540 1413 663 1480 domini
681 1415 766 1499 Regi
783 1435 841 1500 per
856 1433 933 1481 suas
948 1414 1074 1482 litteras
1099 1433 1225 1482 reman-

89 1519 201 1588 darent
212 1545 220 1585 :
233 1527 342 1588 rtrum
354 1521 465 1590 eedem
475 1523 584 1590 littere
594 1522 676 1589 lalse
687 1529 796 1590 essent
812 1523 865 1588 uel
881 1542 968 1608 uere,
986 1530 1017 1589 et
1029 1523 1114 1590 iusto
1126 1521 1223 1589 modo

91 1627 201 1693 uelde
216 1647 304 1712 pura
320 1629 525 1696 consciencia
540 1649 651 1697 eornm
669 1635 838 1714 emanata,
854 1639 950 1717 prout
965 1629 999 1696 in
1016 1631 1134 1698 litteris
1144 1631 1223 1698 dicti
1297 1675 1305 1690 .

88 1734 212 1802 Judieis
230 1736 298 1822 ipsi
314 1737 465 1823 Capitulo
481 1739 680 1806 transmissis
697 1739 837 1806 vidimus
856 1739 1026 1808 contineri.
1043 1739 1136 1820 Quod
1153 1741 1222 1825 qui·

89 1839 160 1910 dem
188 1843 378 1930 Capitulum
404 1845 505 1912 dictas
532 1847 659 1913 litteras
685 1867 770 1932 suras,
789 1868 846 1932 per
871 1847 977 1932 ipsum
1001 1847 1224 1915 Alexandrum

87 1947 293 2035 falsificatas,
311 1953 375 2019 sibi
391 1951 485 2020 modo
501 1955 672 2039 prehabito
690 1958 724 2022 in
742 1955 919 2040 panniculo
936 1955 1155 2042 transmissas,
1170 1975 1223 2022 ve

89 2075 140 2123 ras
156 2077 233 2126 esse
250 2067 282 2126 et
297 2058 381 2127 iusto
398 2081 437 2128 ae
456 2061 601 2145 legitimo
618 2063 717 2129 modo
735 2067 904 2128 emanatas
922 2067 953 2128 et
969 2061 1010 2128 de
1026 2082 1106 2146 pura
1131 2082 1221 2128 cons·

87 2164 211 2234 cieucia
228 2167 508 2255 suaiutimarunt5
521 2179 618 2255 prout
634 2171 667 2237 in
684 2171 803 2238 litteris
815 2173 959 2256 ipsorum
977 2191 1074 2257 super
1085 2171 1219 2255 premis·

88 2291 124 2339 sa
139 2276 226 2345 serie
244 2275 375 2346 domino
401 2278 482 2363 Regi
507 2279 680 2346 destinatis
706 2281 917 2365 comperimus
943 2279 1122 2346 euidenter.
1149 2278 1220 2364 Hys

87 2381 194 2465 itaque
209 2385 362 2472 peractis,
379 2405 450 2453 cum
471 2386 557 2454 idern
584 2387 693 2455 ludex
720 2387 836 2454 iterato
862 2387 905 2452 ad
931 2387 1114 2473 porcionem
1142 2386 1220 2453 dicti

87 2489 304 2560 mouebant
321 2515 380 2580 pro
397 2495 645 2580 quadringentis
661 2497 780 2571 mercis
797 2496 979 2562 estimatum
993 2496 1123 2562 eosdem
1141 2497 1217 2563 esti·

88 2605 225 2665 matures
257 2599 417 2668 accedere
448 2601 655 2688 decreuisset,
692 2602 762 2688 ipso
787 2601 975 2670 Alexandro
999 2603 1219 2690 personaliter

86 2717 291 2792 comparente
308 2717 341 2776 et
356 2719 606 2798 assumpmente,
623 2712 666 2778 ad
683 2711 795 2779 boeot
813 2712 997 2796 porcionem
1013 2713 1055 2780 ad
1071 2716 1215 2780 ualorem

89 2821 213 2882 centum
226 2836 411 2885 marearum
432 2819 611 2887 estimando
622 2819 662 2886 de
682 2820 794 2888 eadem
815 2821 1018 2908 possessione
1038 2828 1218 2888 statuerent

87 2921 244 3007 llagistro
262 2927 357 2995 Cude
381 2936 577 3014 memoralo;
606 2935 638 2996 et
663 2929 762 3014 ijdem
789 2929 991 2997 estimatores
1017 2929 1151 2996 termino
1175 2929 1218 2994 ad

87 3030 144 3098 boo
160 3032 323 3120 deputato
340 3057 436 3122 super
461 3035 577 3104 faciem
594 3037 697 3123 ipsius
714 3038 928 3124 possessionis
944 3036 987 3103 ad
999 3036 1213 3104 estimandum

88 3141 219 3210 eandem
239 3145 473 3212 accessissent:
492 3145 577 3213 idem
594 3146 782 3213 Alexander
799 3145 1038 3232 presentialiter
1055 3145 1100 3210 lbi
1126 3167 1210 3212 com·

87 3251 240 3338 parendo,
257 3255 391 3319 totalem
411 3253 593 3339 porcionem
610 3253 670 3319 Th.
688 3252 770 3318 Beni
787 3251 827 3318 de
844 3252 991 3338 predicta
1007 3253 1212 3338 possessione

88 3353 194 3427 Dubos
220 3367 255 3428 et
279 3361 321 3428 ad
345 3361 451 3446 ipsam
476 3361 723 3446 pertinentibus,
747 3361 842 3426 Pauli
870 3367 902 3426 et
930 3359 1044 3444 Deegh
1076 3361 1211 3448 vocatis,

89 3483 154 3532 cum
171 3469 322 3536 omnibus
340 3469 534 3536 utilitatibus
552 3476 584 3536 et
609 3468 817 3554 pertinencijs
842 3469 908 3535 suis
936 3467 1096 3537 uniuersis
1121 3468 1213 3536 dimi·

88 3570 191 3663 sisset,
208 3576 354 3645 dedisset
370 3584 401 3646 et
424 3578 591 3647 statuisset
616 3576 734 3644 Comiti
759 3578 855 3644 Petro
880 3582 913 3644 et
937 3577 1093 3662 Magistro
1119 3575 1212 3644 Gude

88 3684 266 3771 antedictis,
282 3687 412 3755 racione
428 3694 542 3772 quarte
557 3686 686 3755 domine
703 3687 822 3755 sororis
838 3685 981 3754 eiusdem
993 3685 1116 3754 Thome
1129 3685 1212 3752 Bani

90 3793 194 3860 matris
211 3795 316 3880 ipsius
334 3795 484 3880 Magistri
500 3795 595 3863 Gude
620 3796 661 3862 de
678 3795 768 3864 totali
779 3795 986 3881 possessione
997 3794 1141 3862 eiusdem
1153 3792 1212 3860 Tb.

89 3898 167 3966 Beni
183 3901 322 3987 cedenti,
351 3901 420 3968 iure
447 3908 604 3989 perpetuo
630 3909 663 3970 et
687 3900 945 3969 irreuoeabiliter
969 3897 1212 3986 possidendam,

89 4009 295 4101 estimacione
327 4011 459 4094 quidem
492 4031 590 4096 super
620 4013 694 4097 ipsa
724 4011 818 4078 nulla
843 4010 939 4079 facta.
965 4011 1070 4095 Super
1094 4008 1210 4094 quibus

88 4119 286 4188 memoriales
302 4119 428 4188 litteras
446 4117 526 4186 dicti
540 4119 682 4206 Capituli
702 4119 872 4204 Agrieusls
888 4139 947 4206 per
963 4117 1126 4186 dominum
1150 4117 1211 4182 La-

88 4220 350 4311 dizlaumRegem
360 4225 493 4292 fratrem
505 4234 649 4294 nostrum
661 4227 869 4295 karissimum
880 4226 1060 4310 patruelem
1071 4223 1209 4310 palenti-

88 4330 140 4399 bus
154 4335 219 4404 suis
234 4334 353 4402 litteris
364 4333 570 4402 confirmatas
582 4335 797 4404 exhibuerunt
808 4355 917 4403 coram
928 4332 1020 4400 uobis
1032 4357 1039 4418 3
1052 4339 1203 4420 preterea

88 4438 167 4526 ipsos
182 4444 411 4532 Alexandrum,
427 4445 566 4514 Paulum
582 4453 615 4513 et
630 4447 780 4512 Cosmum
795 4444 880 4512 filios
896 4443 1011 4511 Cosme
1027 4444 1062 4508 in
1088 4441 1206 4509 litteris

90 4547 278 4621 diuersorum
305 4555 454 4624 Judieum
481 4551 597 4622 exinde
621 4553 776 4620 conlectis
801 4573 864 4619 non
891 4549 1123 4638 comparando,
1151 4573 1210 4620 uec

87 4657 238 4752 mittendo,
256 4663 474 4749 comperimus
489 4663 523 4729 iu
539 4675 695 4748 processu
711 4661 837 4746 negocij
856 4659 993 4747 predicti
1002 4667 1136 4758 ,contra
1161 4661 1208 4748 ip·

1035 4773 1106 4840 10*Ι
