3234 5194
883 279 1039 379 A

399 477 560 544 liinorum
573 478 721 542 Fratrum
747 473 904 543 Ordinum
928 474 970 540 de
995 473 1150 558 Ragonio,
1181 469 1377 538 auctoritate
1409 469 1513 531 nostra

400 585 589 652 confirmare
613 601 773 670 procures,
805 603 845 650 ao
870 581 974 649 eidem
1001 581 1103 648 eleeto
1129 599 1245 646 munus
1270 574 1514 644 oonseorationis

399 693 580 780 impendas,
596 691 720 758 taciens
736 689 799 756 sibi
815 710 836 756 a
852 691 920 757 suis
934 688 1074 756 subditis
1089 687 1309 757 obedientiam
1325 692 1357 751 et
1373 702 1514 750 reveren·

398 801 477 866 tiam
495 797 636 866 debitam
654 797 809 864 exhiberi.
826 798 991 884 Alioquin,
1011 798 1167 863 electione
1191 792 1340 882 predicta
1364 793 1428 856 rite
1455 806 1515 855 aas·

331 977 334 982 ,
400 913 482 990 sata,
501 905 623 974 eisdem
639 905 767 972 oleriois
784 903 825 971 de
850 904 962 989 aliqua
985 923 1124 989 persona
1149 903 1312 971 oatholioa
1335 899 1466 986 ydonee
1490 902 1516 962 ot

400 1013 588 1097 Apostoliee
604 1011 679 1078 Sedi
707 1011 913 1094 devotaque
939 1019 1030 1078 tanto
1056 1017 1213 1094 congruat
1238 1008 1329 1075 oneri
1345 1015 1376 1074 et
1401 1002 1517 1088 honori,

399 1121 461 1186 hae
478 1120 551 1186 vioe
574 1119 766 1186 auctoritate
792 1119 948 1204 predicta,
965 1117 1005 1184 de
1031 1118 1177 1204 ipsorum
1201 1125 1311 1184 tamen
1341 1113 1466 1180 Prioris
1492 1118 1519 1178 et

401 1224 581 1292 Guardiani
607 1225 752 1311 oonsilio,
778 1226 948 1310 providere
965 1246 1028 1292 non
1054 1223 1186 1291 differas
1213 1224 1246 1288 in
1270 1222 1469 1306 Episoopum
1492 1223 1518 1284 et

399 1340 573 1420 pastorem.
599 1333 861 1400 Contradiotores
890 1341 953 1402 eto.
987 1333 1107 1398 Datum
1133 1330 1221 1417 apud
1234 1331 1517 1416 Urbemueterem.

399 1439 443 1506 11.
460 1438 539 1508 Idus
555 1440 656 1525 Junii,
671 1440 883 1508 Pontificatus
898 1441 1000 1509 nostri
1017 1461 1105 1507 anuo
1121 1445 1245 1524 quarto.

402 1654 539 1720 (Theium,
552 1654 651 1706 Vetera
663 1653 838 1708 Monumenta
851 1655 994 1707 Slarorum
1008 1655 1225 1707 Moridionalium
1235 1653 1377 1705 historiam
1388 1651 1520 1714 illustras·

831 1747 877 1796 tia.
891 1747 914 1796 Ι.
927 1747 981 1796 kur„
995 1747 1053 1795 111.
1068 1744 1099 1810 l.)

927 2545 983 2612 35.

404 2735 428 2796 Ι
429 2729 464 2798 V.
482 2735 600 2800 Mller
617 2740 710 2822 popo
726 2761 746 2801 o
761 2749 848 2801 ssent
855 2739 932 2821 feld
954 2738 1175 2826 feleeqiteatra
1190 2765 1212 2806 o
1226 2741 1406 2804 looszmelr
1433 2739 1527 2804 birde

778 2845 851 2908 teret
869 2845 1030 2912 elrenddi.
1057 2847 1153 2910 1291.

513 3050 638 3116 Nicolai
649 3052 759 3136 Papae
768 3053 822 3117 IV.
837 3055 924 3120 bulla
934 3057 1078 3122 cruciata
1086 3077 1145 3142 pro
1156 3059 1264 3124 Priori
1276 3058 1433 3125 Generali
1443 3055 1528 3125 Ordi-

403 3155 577 3222 uisSanoti
593 3158 768 3240 Augustini
784 3161 828 3225 ad
839 3160 1093 3244 praedicandum
1103 3163 1145 3229 ob
1162 3169 1270 3231 terrae
1281 3167 1429 3233 Sanctae
1440 3165 1524 3230 mise·

405 3263 542 3328 rabilem
557 3270 677 3330 statum
693 3273 725 3330 et
739 3265 963 3332 liberationem
978 3289 1036 3352 per
1055 3269 1153 3334 XXX
1175 3271 1297 3339 fratres
1313 3274 1428 3340 Crucis
1444 3269 1528 3338 mini·

405 3370 537 3434 sterium
554 3369 637 3434 eitra
660 3391 759 3452 mare,
786 3379 916 3454 praeter
941 3373 1083 3462 Siciliae,
1110 3375 1290 3460 Ungariae,
1317 3379 1475 3448 Boemiae
1499 3382 1527 3441 et

404 3471 560 3538 Poloniae
585 3475 706 3559 Regna
731 3495 789 3561 pro
815 3476 928 3544 inolito
953 3481 1102 3562 generali
1125 3487 1285 3569 passagio
1316 3485 1395 3554 festi
1426 3484 1531 3553 Sancti

404 3577 541 3642 Joaunis
567 3579 735 3662 Baptistae
752 3586 849 3650 1293.
866 3585 984 3652 Datum
1001 3588 1089 3672 apud
1105 3589 1375 3660 Urbemveterem
1385 3589 1531 3662 amendia

407 3677 545 3762 Augusti
561 3684 772 3752 Pontificatus
787 3707 872 3754 anno
888 3697 1014 3771 quarto.

405 3873 568 3938 (cherubini
582 3875 734 3927 Bullatium
747 3879 876 3945 Magnum
889 3883 911 3934 1.
927 3885 986 3936 167.
1001 3883 1069 3938 utin
1082 3904 1099 3940 a
1112 3891 1294 3946 Monumenta
1306 3891 1394 3947 Boion
1419 3897 1464 3948 IV.
1479 3895 1529 3947 kat

896 3975 958 4024 498.
971 3975 1043 4042 lap.)
