3124 5194
93 542 252 611 dedissent
285 553 315 610 et
344 543 555 610 tradidissent
580 543 735 629 predictis
760 545 839 630 tilije
864 547 1001 632 Detricy
1034 551 1065 610 et
1090 543 1216 610 heredi-

92 649 145 718 bus
176 649 349 717 eorundem
374 661 530 736 perpetuo
561 651 794 735 possidendam
821 660 852 718 et
878 651 1071 719 habendam.
1101 654 1140 718 lu
1156 671 1218 717 cn.

20 749 24 808 ἒ
91 757 136 824 ius
168 754 393 824 concambium
424 757 525 844 ijdem
549 759 608 842 filij
642 757 780 846 Detricy
806 760 887 826 duas
917 759 1141 845 possessiones
1167 757 1216 842 ip

91 885 191 932 sorum
209 864 397 952 empticium
425 873 456 930 et
471 865 712 947 hereditariam,
730 865 874 933 Torkow
894 873 926 932 ct
942 868 1150 934 Wereealma
1164 886 1218 934 vo·

88 979 186 1060 cates,
203 978 293 1040 vltra
309 973 479 1058 indagines
496 975 530 1040 iu
547 971 882 1044 comitatensium
900 975 1092 1060 existentes,
1111 975 1215 1043 saluis

89 1081 207 1149 iuribus
224 1089 258 1149 et
274 1081 478 1167 porcionibus
498 1082 634 1150 aliorum
659 1082 796 1150 fratrum
812 1083 846 1148 in
864 1081 984 1150 eisdem
1000 1083 1265 1168 possessioni·¹
1385 1133 1391 1140 -
1520 1086 1522 1099 '

90 1192 144 1257 bus
159 1189 290 1274 habitis,
305 1188 453 1257 similiter
469 1210 540 1256 cum
558 1189 715 1257 uniuersis
742 1189 934 1258 utilitatibus
951 1199 983 1258 et
998 1191 1209 1275 pertinencijs

12 1380 15 1381 ⁷
90 1297 268 1385 earundem,
285 1299 381 1366 metis
399 1297 615 1383 infrascriptis
642 1300 686 1365 ab
702 1297 778 1381 alijs
798 1297 894 1365 terris
909 1305 1089 1386 separatas,
1104 1297 1210 1366 dedis·

12 1426 16 1447 ³
89 1417 157 1472 sent
173 1413 205 1472 et
222 1403 435 1473 tradidissent
451 1405 546 1472 dictis
563 1406 640 1491 filijs
656 1404 810 1492 Rykolph
827 1414 858 1473 et
872 1406 941 1474 suis
958 1406 1132 1475 heredibus
1143 1408 1214 1472 iure

11 1583 14 1592 Ι
89 1519 239 1597 perpetuo
256 1519 290 1578 et
305 1513 563 1580 irreuoeabiliter
582 1511 798 1599 possidendas
824 1519 856 1580 et
871 1513 1050 1581 habendas.
1077 1514 1215 1598 etquis

56 1615 59 1620 ’
91 1621 308 1704 possessiones
335 1622 479 1705 ipsorum
505 1620 642 1687 tiliorum
667 1619 803 1706 Detricy
833 1619 998 1689 antedicta
1014 1623 1164 1689 meliores
1183 1628 1221 1688 et.

21 1772 27 1781 -
91 1727 229 1794 utiliores
248 1729 425 1795 extiterunt
441 1729 529 1794 dicta
553 1729 759 1814 possessione
777 1728 938 1816 Gybarth,
959 1729 1056 1815 ijdem
1073 1729 1132 1814 fllij
1149 1732 1213 1814 Ry-

91 1834 184 1921 kolph
201 1837 284 1924 ipsis
294 1837 371 1923 filijs
387 1837 523 1923 Detricy
554 1835 862 1924 superaddidissent
892 1839 1071 1922 sexaginta
1087 1857 1214 1904 marcas

90 1945 141 2010 fini
156 1947 296 2032 argenti,
310 1965 391 2030 quas
408 1944 546 2031 predicti
562 1944 619 2030 filij
632 1944 764 2029 Detricy
785 1943 925 2012 confessi
944 1953 1019 2014 eunt
1029 1965 1063 2010 se
1086 1945 1130 2012 ad
1145 1948 1214 2032 ple-

87 2073 160 2120 nmu
177 2053 340 2139 recepisse
351 2053 393 2118 ab
405 2051 535 2120 eisdem.
553 2053 594 2116 nt
608 2046 980 2138 Dethkfrateripuorum
994 2053 1131 2119 filiorum
1148 2055 1212 2119 De·

86 2161 167 2246 tricy
183 2179 244 2248 pro
262 2181 308 2244 se,
326 2169 359 2227 et
373 2180 433 2247 pro
459 2159 624 2244 Stephano
656 2158 722 2224 filio
738 2157 896 2225 Dethmar
912 2157 1024 2226 fratris
1041 2161 1109 2238 sni;
1136 2159 1212 2227 item

91 2269 209 2354 Stephlr
225 2268 311 2336 tilius
328 2267 445 2352 llohol,
463 2273 495 2334 et
510 2265 659 2333 Andreas
684 2265 770 2334 tilius
786 2267 910 2344 Boduu,
930 2269 1162 2351 consanguinei
1178 2275 1211 2337 et

14 2368 15 2371 ’
88 2377 299 2444 7οοιιιιηεῒειιιεί
323 2373 473 2443 similiter
497 2373 640 2460 ipsorum
665 2375 804 2443 liliorum
830 2375 963 2461 Detricy
991 2395 1099 2444 coram
1119 2377 1213 2446 nobis

91 2484 298 2568 personaliter
309 2483 483 2570 constituti,
495 2483 571 2548 huic
587 2483 775 2550 concambio
793 2481 925 2570 plenum
941 2503 1131 2552 consensum
1143 2505 1214 2569 pre-

90 2591 220 2658 buerunt
235 2600 270 2658 et
288 2611 467 2659 assensum.
494 2590 628 2676 Insuper
646 2591 832 2676 obligarunt
850 2611 886 2658 se
902 2601 1011 2680 partes
1028 2579 1060 2659 e'r
1076 2591 1212 2660 heredes

92 2717 160 2768 snos
175 2700 218 2766 ab
233 2699 384 2767 omnibus
401 2697 534 2766 racione
554 2697 714 2764 dictarum
730 2698 971 2782 possessionum
986 2718 1045 2784 per
1058 2717 1207 2766 ,concam-

91 2805 172 2872 bium
187 2805 254 2875 sibi
271 2805 464 2873 traditarum
481 2805 656 2872 molestare
687 2804 873 2890 nitentibus,
891 2825 927 2873 sc
942 2804 1084 2872 vicissim
1100 2803 1210 2872 defeu-

94 2913 162 2978 dere
178 2921 209 2979 et
225 2915 380 2999 expedire
404 2914 547 3000 proprijs
572 2912 739 2980 laboribus
757 2921 789 2980 et
814 2913 974 2998 expensis,
993 2918 1026 2978 ct
1041 2911 1075 2977 in
1091 2910 1213 2978 eisdem

89 3040 159 3088 sese
186 3022 322 3108 pacifico
339 3039 540 3087 conseruare.
552 3021 656 3087 Metus
671 3025 779 3085 autem
796 3020 898 3104 ipsius
914 3018 1131 3103 possessionis
1141 3019 1215 3084 We·

14 3155 19 3163 ·
93 3129 226 3196 resulma
242 3135 356 3215 partes
373 3127 483 3194 taliter
505 3147 612 3194 coram
628 3127 722 3195 nobis
739 3137 987 3211 expresserunt,
1005 3126 1090 3210 quod
1105 3129 1213 3214 prima

14 3258 18 3267 ·
95 3245 173 3304 meta
188 3237 304 3323 incipit
320 3257 341 3301 a
357 3239 450 3320 parte
466 3234 644 3317 aquilonali
660 3236 694 3300 in
710 3235 817 3319 eapite
833 3233 921 3316 fluuij
941 3232 1144 3300 Weresalma
1161 3255 1213 3300 vo·

11 3368 12 3371 ¹
94 3345 171 3428 eati,
202 3344 281 3410 inde
306 3341 470 3426 egreditur
487 3343 530 3407 ad
547 3345 720 3429 orientem,
740 3349 772 3408 et
789 3341 895 3409 eundo
920 3341 1025 3426 iungit
1051 3340 1212 3424 quendam

8 3490 11 3493 -
95 3451 193 3517 locum
208 3451 496 3538 lllyhalhazatetey
523 3455 688 3536 uocatum,
716 3459 746 3516 et
761 3450 807 3516 ibi
832 3449 1004 3516 reflectitur
1020 3468 1132 3516 versus
1148 3467 1228 3517 me·⁴

94 3558 202 3625 ridiem
218 3559 348 3645 iterato,
365 3559 395 3624 ci
412 3557 518 3624 eundo
534 3557 654 3624 directe
671 3556 896 3626 descendendo
912 3558 953 3624 de
970 3561 1041 3645 ipso
1058 3559 1128 3626 loco
1144 3559 1213 3624 iun-

95 3665 138 3747 git
151 3667 315 3751 quandam
346 3667 511 3751 publicam
545 3673 700 3754 stratam,
731 3669 814 3734 etin
830 3667 903 3752 ipsa
922 3672 1023 3734 strata
1038 3668 1213 3737 reflectitur

9 3769 12 3849 ζ
96 3774 203 3843 iterato
213 3795 328 3843 versus
339 3777 511 3858 orientem,
524 3785 555 3841 et
567 3796 676 3857 parum
689 3776 794 3844 eundo
808 3774 980 3861 peripsam
997 3778 1062 3844 exit
1079 3779 1118 3844 de
1129 3777 1212 3866 ipsa,

95 3887 125 3950 et
139 3883 308 3950 reflectitur
324 3901 437 3950 versus
452 3881 619 3949 meridiem
645 3885 783 3968 iterato;
808 3892 840 3950 et
856 3885 961 3950 eundo
988 3884 1109 3951 directe
1125 3887 1213 3952 cudit

96 3991 269 4059 influuium
285 3989 438 4074 Lythyne
455 3995 622 4074 uocatum,
649 3995 681 4054 et
703 4011 761 4075 per
786 3997 926 4055 meatum
944 3990 1090 4056 eiusdem
1106 3992 1212 4058 eundo

23 4085 29 4092 ’
96 4097 374 4165 caditinflunium
407 4095 575 4184 Tuarcha,
608 4095 719 4180 inquo
754 4103 868 4164 contra
894 4107 1033 4164 meatum
1066 4098 1211 4165 eiusdem

98 4197 193 4272 eundo
208 4203 379 4292 perueniat
404 4204 521 4270 iterato
554 4203 597 4269 ad
621 4203 753 4270 fluuium
771 4203 975 4270 Weresalma
991 4205 1210 4289 antedictum3

8 4382 10 4385 ,
99 4317 127 4376 et
140 4313 240 4379 eundo
257 4313 290 4379 in
307 4313 378 4400 ipso
395 4317 508 4379 contra
524 4317 664 4378 meatum
681 4310 825 4378 eiusdem
857 4313 1024 4396 perueniet
1039 4311 1154 4378 iterato
1168 4313 1211 4379 ad

98 4423 313 4508 caputipsins,
341 4419 427 4486 vnde
453 4420 637 4504 inceperat,
669 4428 700 4486 et
726 4419 770 4484 ibi
787 4420 984 4485 terminatur.
1015 4419 1119 4486 Metus
1136 4440 1211 4486 vero

15 4533 18 4543 “
98 4523 174 4594 dicte
188 4529 404 4616 possessionis
415 4527 554 4597 Torkou·
566 4528 718 4595 similitcr
729 4525 841 4594 eedem
852 4533 962 4610 partes
973 4526 1081 4592 taliter·
1097 4527 1205 4596 recita·

25 4704 28 4716 ,
51 4617 55 4624 ’
92 4639 181 4700 runt:
198 4637 283 4721 quod
295 4636 498 4722 primameta
515 4636 629 4730 incipit
644 4643 767 4722 aparte
779 4631 984 4700 meridionali
1001 4652 1097 4718 super
1114 4634 1213 4718 qnod-

983 4741 1053 4810 15⁸
