3124 5194
822 294 984 394 Q

334 488 479 553 tulerunt
493 484 637 554 Jclranni
660 483 727 553 lilio
753 487 864 554 Beelra
892 495 924 556 et
949 493 1018 555 suis
1043 488 1222 556 heredibus
1247 487 1468 571 heredumque
1550 559 1551 562 ,

335 612 468 660 suornm
485 593 729 660 comessoribus
744 593 986 680 perhempnitcr
1001 594 1259 679 possidendam3
1274 615 1292 662 e
1312 612 1468 660 conuerso
1550 591 1551 596 ’

337 707 444 765 autem
463 698 608 785 prelatus
623 699 791 768 Jcbannes
807 701 992 786 porcionem
1009 722 1101 768 snam
1128 703 1164 767 in
1190 703 1358 784 Keuelges
1383 698 1468 765 babi-

334 812 405 872 tam
423 825 496 872 cum
512 807 641 873 duabus
656 807 747 874 villis
764 807 855 875 dedit
872 817 905 876 et
930 809 1069 876 contulit
1096 809 1192 876 dictis
1217 808 1295 892 lilijs
1322 805 1468 888 Magistri

337 911 473 998 Philpus
489 913 663 980 tenendam
680 914 802 1000 ingiter
816 924 850 982 et
867 916 1061 982 habendam.
1089 917 1350 1001 Assumpserunt
1367 912 1468 978 eciam

334 1019 394 1104 filij
411 1021 560 1105 Magistri
576 1020 722 1108 Philpns,
738 1023 825 1108 quod
849 1024 883 1088 in
901 1023 1040 1107 pacifica
1055 1022 1261 1106 possessione
1277 1022 1392 1106 ipsum
1417 1020 1467 1086 Jo-

337 1125 477 1194 hannem
509 1136 541 1194 et
565 1148 642 1196 snos
665 1149 869 1197 successores
895 1129 1132 1197 inmutabiliter
1156 1129 1415 1212 conseruabunt,
1441 1135 1470 1192 et

337 1257 448 1302 eorum
462 1255 667 1304 successores
677 1236 762 1302 illud
772 1236 877 1322 idem;
894 1237 923 1304 ai
938 1243 1047 1304 antem
1064 1240 1106 1306 ab
1122 1236 1380 1324 imputatcribns
1391 1231 1470 1321 (lgy)

340 1345 643 1430 snpemenientibns
659 1343 813 1430 expedire
836 1364 903 1412 non
917 1352 1061 1432 possent,
1077 1366 1152 1412 cum
1172 1343 1260 1411 omni
1271 1365 1313 1410 ec
1324 1343 1398 1428 ipse
1420 1341 1470 1408 Jc

334 1449 463 1518 bannes
478 1457 511 1515 et
527 1452 577 1518 sui
593 1449 627 1514 in
643 1452 784 1536 pacifica
799 1452 1007 1537 possessione
1018 1449 1105 1517 dicte
1115 1459 1202 1518 terre
1210 1450 1468 1538 permanebuut;

334 1556 574 1642 impetitoribus
589 1577 666 1624 rero
682 1560 754 1625 siue
770 1561 804 1625 in
821 1560 970 1644 pecunia,
986 1579 1046 1626 seu
1057 1559 1100 1625 de
1109 1557 1179 1624 alia
1187 1558 1405 1644 possessione
1413 1575 1470 1623 sna

338 1664 550 1748 satisfacient,
562 1665 647 1730 sicut
657 1665 757 1732 luerit
773 1673 976 1752 oportunum.
993 1665 1036 1730 st
1051 1663 1094 1732 ad
1110 1665 1170 1732 bec
1185 1665 1299 1731 omnia
1314 1664 1469 1731 iacienda

336 1779 446 1857 partes
461 1791 498 1839 se
514 1778 696 1856 spontanea
711 1773 941 1856 obligauerunt
957 1771 1137 1839 voluntate.
1155 1772 1278 1838 Datum
1308 1773 1346 1838 in
1377 1773 1469 1840 Pcse

335 1897 451 1964 gawor
466 1879 499 1944 in
515 1879 640 1946 octauis
656 1879 754 1968 medij
773 1879 899 1948 Xlrme
915 1901 1001 1947 auno
1017 1879 1149 1947 Domini
1165 1880 1343 1948 millesimo
1356 1881 1470 1946 ducen-

340 1985 455 2052 tesimo
471 1985 683 2071 nonagesimo
698 1996 802 2054 sexto.

335 2181 375 2249 (A
387 2180 461 2247 picei
471 2178 667 2248 klptulannak
679 2199 771 2249 ugyan
785 2184 898 2234 lass-ki
912 2179 1144 2247 batlrjdrisdbdl,
1159 2186 1229 2235 mint
1240 2181 1328 2236 altbb
1353 2184 1414 2236 154.
1435 2201 1467 2236 ss.

605 2287 631 2326 a.
643 2291 651 2336 ς
665 2287 683 2324 a
695 2274 778 2326 budai
791 2273 842 2323 kir.
858 2275 981 2324 kamarai
995 2270 1199 2339 lerdlttrirbau.)

862 2947 942 3015 lis.

345 3111 442 3177 VIII.
458 3108 623 3196 Bccir'des
632 3113 729 3195 pdpo
740 3107 917 3173 Lambatai
933 3108 1041 3193 coplas·
1053 3107 1216 3193 pdspdle'o't
1233 3105 1407 3174 semmaa
1421 3107 1465 3173 ei·

655 3215 849 3283 wriardnat
873 3217 1021 3282 kiaeueai.
1039 3216 1139 3280 1296.

447 3377 637 3448 Boniiacins
662 3377 843 3464 Episcopus
868 3396 983 3445 servus
1009 3395 1177 3444 servornm
1202 3375 1265 3442 Dei
1289 3375 1466 3444 venerabili

339 3487 434 3554 tratri
449 3485 623 3552 Lambertc
640 3483 803 3570 Episcopo
829 3481 997 3568 Veglensi,
1023 3485 1161 3552 salutem
1189 3491 1222 3549 et
1246 3482 1465 3568 Apostolicam

339 3591 608 3662 benedictionem.
625 3591 848 3659 scelestarum
863 3591 1005 3657 omnium
1021 3609 1100 3657 cura
1118 3587 1178 3677 (et)
1195 3589 1396 3657 uniuersalis
1415 3609 1465 3676 po-

342 3699 412 3786 puli
428 3697 606 3766 christiani
622 3697 766 3782 regimen
783 3696 826 3763 ad
843 3696 1050 3781 vigilantiam
1067 3717 1126 3762 nos
1136 3695 1306 3780 inducunt,
1324 3697 1466 3764 Romana

340 3817 451 3878 tamen
466 3805 552 3873 Urbs
568 3804 689 3889 inclita,
707 3824 803 3888 quam
820 3809 917 3890 capnt
933 3802 1029 3870 Orbis
1043 3802 1166 3870 Divina
1181 3803 1359 3870 clementia
1372 3801 1466 3871 stabi·

341 3918 423 4004 livit,
449 3920 484 3981 ut
500 3913 554 3980 ubi
569 3911 659 3979 Petri
675 3911 785 3979 sedem
802 3913 934 3980 celestis
951 3909 1123 3998 dispositio
1140 3911 1256 3978 statuit
1272 3917 1304 3978 et
1321 3909 1465 3988 firmavit

340 4031 375 4094 et
390 4021 539 4090 eiusdem
554 4019 651 4088 Urbis
666 4025 775 4110 noster
790 4018 967 4106 peculiaris
983 4020 1125 4105 populus
1142 4018 1211 4086 suis
1225 4017 1338 4100 dignis
1357 4037 1463 4105 prero-

341 4128 463 4215 gativis
478 4148 537 4195 nos
554 4125 733 4194 sollicitant
758 4135 790 4195 et
805 4126 972 4210 inducunt,
990 4125 1032 4192 de
1046 4127 1189 4212 ipsorum
1205 4131 1293 4193 statu
1319 4140 1467 4212 prospero

341 4241 375 4304 et
390 4234 514 4302 salubri
532 4233 689 4300 attentius
705 4239 737 4300 et
752 4233 946 4316 diligentius
964 4233 1129 4317 cogitare;
1146 4239 1181 4298 ut
1197 4231 1414 4317 spiritualiter
1436 4235 1466 4296 et

339 4341 565 4426 temporaliter
580 4339 622 4406 de
637 4341 724 4407 bono
740 4341 773 4406 in
789 4339 907 4406 melius
923 4340 1084 4424 recipiant
1099 4339 1345 4408 incrementum.
1370 4339 1464 4422 Igitur

342 4449 382 4514 de
397 4455 453 4514 tua
468 4447 538 4514 rita
552 4444 725 4531 laudabili,
750 4445 909 4530 religione
935 4447 1082 4534 probata,
1108 4447 1248 4514 scientia
1274 4453 1308 4512 et
1337 4445 1464 4513 circum·

340 4553 511 4636 spectione
526 4553 650 4638 confisi,
676 4561 710 4622 te
733 4553 767 4618 in
792 4553 882 4619 Urbe
906 4552 1036 4637 prefata
1061 4554 1254 4624 auctoritate
1279 4553 1463 4641 Apostoliua
