3132 5192
903 325 964 390 llo
1032 379 1034 382 .

852 412 965 423 --u—--.
972 417 977 421 .
985 415 1001 421 .-

370 529 527 606 vocatam,
543 527 577 587 vt
592 522 625 586 in
641 520 757 586 litteris
774 519 1046 586 Excellentissimi
1062 519 1223 605 Principis
1240 518 1359 584 domini
1377 517 1488 582 Ladiz·

368 627 413 695 lai
429 628 636 694 Serenissimi
653 627 752 711 Regis
769 627 943 714 Hungarie,
960 624 1199 710 predecessoris
1215 627 1324 711 nostri,
1339 647 1400 710 per
1416 645 1485 692 eun·
1556 645 1557 648 ’

369 734 442 800 dem
472 736 662 818 Magistrum
695 735 909 812 Laurenoium
936 754 1033 820 super
1067 735 1142 817 ipsa
1168 732 1374 818 possessione
1400 735 1488 799 nobis

370 842 500 909 exibitis
517 842 673 909 contineri
691 841 839 924 vidimus,
856 860 953 923 quam
980 841 1065 906 idem
1092 840 1281 906 Dominicus
1305 839 1486 924 potenciali-

369 957 417 1014 ter
433 949 564 1014 tenebat
581 955 613 1014 et
630 947 829 1035 possidebat,
846 969 943 1035 super
958 967 1023 1032 qua
1040 949 1126 1013 inter
1149 949 1240 1032 ipsos
1266 947 1331 1012 litis
1360 946 1490 1012 materia
1556 927 1558 942 ι

371 1055 497 1122 diucius
514 1056 667 1155 extiterat
683 1053 869 1139 diuulgata3
886 1061 996 1122 tamen
1006 1075 1063 1142 per
1072 1053 1312 1121 ordinacionem
1323 1057 1489 1139 proborum
1556 1067 1557 1080 ³

370 1165 513 1230 uirorum
529 1171 560 1229 et
575 1164 678 1246 Regni
695 1163 794 1230 nostri
811 1162 968 1229 nobilium
985 1163 1071 1229 inter
1097 1163 1185 1247 ipsos
1212 1162 1289 1228 talis
1316 1161 1499 1228 concordia·

371 1292 479 1339 eoram
495 1272 588 1338 nobis
605 1271 766 1337 iuitfacta
790 1276 822 1337 et
838 1270 1005 1337 ordinata:
1033 1270 1074 1335 Vt
1098 1269 1185 1336 idem
1211 1269 1402 1336 Dominicus
1426 1289 1488 1355 pre-

370 1373 490 1446 dictam
506 1379 744 1466 possessionem
761 1377 867 1464 Gayul
881 1377 1056 1445 secundum
1066 1377 1305 1444 continenciam
1315 1377 1488 1442 litterarum
1556 1409 1558 1428 ÷

370 1487 620 1574 priuilegialium
644 1485 766 1551 domini
783 1485 930 1551 Ladiziai
945 1485 1043 1568 Regis
1060 1485 1228 1568 Hungarie
1244 1483 1487 1569 prescriptorum

369 1595 524 1682 Magistro
541 1595 720 1662 Laurenoio
736 1599 915 1681 prenotato,
934 1601 965 1660 et
981 1615 1038 1679 per
1055 1614 1127 1659 eum
1153 1595 1219 1660 suis
1245 1593 1417 1659 heredibus
1441 1590 1487 1656 be·

369 1703 545 1786 redumque
560 1723 688 1770 suorum
704 1702 946 1769 successoribus
962 1702 1099 1786 reliquit,
1134 1701 1272 1767 restituit
1284 1702 1360 1784 jure
1385 1719 1488 1785 perpe·

369 1821 424 1878 tuo
441 1819 473 1877 et
488 1809 743 1876 irreuocabiliter
773 1807 1013 1896 possidendam,
1040 1809 1213 1874 tenendam
1241 1819 1272 1874 et
1297 1805 1485 1876 habendam.

370 1919 489 1984 Datum
506 1919 598 1984 Bude
613 1916 756 1984 secundo
771 1917 824 1983 die
840 1917 932 1985 Beati
953 1913 1250 2003 RegisSt(ephani)
1262 1937 1347 1983 anno
1366 1914 1487 1982 Domini

303 2016 304 2024 '
369 2025 539 2095 millesimo
555 2023 776 2094 ducentesimo
792 2025 999 2109 nonagesimo
1017 2026 1162 2109 septimo.

370 2223 528 2289 (Zsigmond
543 2221 690 2290 kirtlynak
707 2227 817 2279 idio-iri
840 2224 1004 2292 megerdsitb'
1026 2221 1311 2292 privilegiumdbbl,a
1335 2226 1420 2276 budai
1441 2225 1483 2276 kir.

774 2317 897 2368 kamarai
911 2313 1099 2383 ierdltdrbsu.)

824 2567 1031 2582 *Ἅι-...-

892 3011 946 3078 ts.

370 3209 438 3274 III.
455 3209 566 3276 Eudre
582 3210 693 3296 ktroty
709 3210 863 3276 reodelete
888 3233 925 3272 az
943 3211 1015 3297 cyri
1039 3209 1268 3296 triptolemeus,
1295 3215 1378 3298 kopp
1403 3208 1479 3274 Mea

367 3325 449 3382 necti
457 3317 566 3404 foldet
581 3321 738 3403 ta'ryycao
753 3319 962 3402 batdrjdrdsi
977 3317 1190 3404 bizoayadpdt
1206 3319 1359 3406 Buyoebi
1383 3315 1479 3381 Iatour

724 3429 875 3489 szdmdru
893 3424 1019 3506 ktadja.
1039 3423 1136 3490 1293·

474 3617 624 3684 Andreas
649 3619 709 3684 Dei
725 3620 837 3704 gracia
852 3621 920 3686 Rex
937 3619 1105 3702 Huugarie
1132 3619 1282 3688 fidelibus
1308 3620 1377 3688 eius
1401 3611 1480 3698 (tapi-

370 3725 439 3792 tulo
455 3724 604 3808 Agriensi
622 3728 758 3792 salutem
775 3735 807 3792 et
822 3727 975 3810 graciam.
994 3729 1159 3794 Fideiitati
1172 3735 1277 3795 vestre
1290 3717 1479 3813 precipiendo

367 3833 569 3915 mandamus,
600 3842 762 3915 quatenus
789 3835 944 3918 Magistro
973 3837 1141 3921 Stephano
1173 3837 1214 3900 de
1241 3835 1375 3920 Bugacb
1398 3843 1481 3914 super

368 3941 454 4006 sacto
471 3947 553 4006 terre
571 3941 660 4005 Mera
676 3949 799 4025 vocate,
819 3949 914 4027 prout
930 3941 1023 4008 vobis
1040 3948 1175 4024 constat,
1193 3951 1225 4008 et
1243 3944 1346 4009 eciam
1362 3939 1438 4008 sicut
1451 3933 1478 3996 iu

366 4050 481 4114 vestris
500 4047 616 4114 litteris
631 4049 851 4115 reambuiaeio
868 4049 953 4116 dicte
982 4057 1065 4116 torre
1092 4053 1244 4135 patuerit,
1270 4051 1375 4118 eidem
1398 4059 1479 4127 super

369 4153 430 4219 boc
447 4161 584 4220 vestrum
603 4156 807 4240 priuilegium
824 4157 1019 4240 oonordatis,
1038 4165 1132 4240 prout
1148 4158 1336 4241 expostulat
1351 4154 1423 4223 ordo
1438 4148 1473 4213 iu·

366 4260 420 4326 ris.
440 4262 557 4326 Datum
573 4261 664 4326 Bude
681 4263 712 4325 in
731 4261 811 4328 festo
829 4265 920 4329 Beati
936 4263 1051 4330 Jrooti
1069 4265 1227 4348 Apostoli.

369 4403 419 4468 (Aa
433 4410 491 4472 egri
517 4404 703 4472 kdptaiannak
719 4407 830 4456 issu-ki
846 4406 1131 4473 bizonystgtevetebol
1147 4416 1213 4462 mint
1227 4407 1312 4462 attho
1334 4415 1376 4464 st.
1388 4425 1419 4462 uz.
1430 4401 1461 4470 ι·)

825 4569 1037 4580 ι---.--..-...-
