3132 5192
616 249 830 370 Εἰ.

114 466 315 550 parentibus
331 473 363 533 et
379 464 675 550 assumpmentibns
691 461 725 526 in
741 481 901 546 persona;
918 461 1043 527 scilicet
1068 461 1102 526 in
1130 461 1258 528 octaois

113 573 230 638 Sancti
249 572 380 639 Nicolai
397 569 591 638 confessoris
606 589 715 636 coram
730 569 823 634 nobis
839 569 951 634 Comes
970 567 1109 654 Koppan
1134 567 1260 634 officia-

111 678 153 746 lis
171 687 205 745 et
222 681 431 746 castellanus
458 675 565 744 Gastri
581 677 726 743 eiusdem
744 676 893 760 Magistri
909 677 1036 762 Kemyn
1063 675 1185 741 iurabit
1201 693 1257 742 sn·

112 806 172 871 per
191 805 246 872 eo,
266 783 354 870 quod
369 785 403 850 in
418 785 656 871 composicione
672 781 759 849 lacta
772 785 857 848 inter
874 783 993 868 ipsum,
1012 789 1043 848 et
1052 781 1138 852 inter
1148 781 1257 848 Abba-

111 897 179 962 tem
213 893 259 958 dc
277 894 399 960 Sancta
415 892 575 958 Trinitate
606 909 705 956 unam
721 888 879 974 pecudem
914 887 956 955 de
975 889 1053 954 villa
1069 889 1191 972 Wgha
1218 889 1257 952 fi-

110 999 153 1064 lio
171 999 316 1067 Comitis
340 999 468 1066 Andree
484 1019 548 1066 non
579 996 767 1084 ascripserit
794 1003 1008 1081 recepturum.
1033 995 1114 1062 Item
1140 996 1256 1088 eodem

113 1105 167 1172 die
184 1112 220 1171 et
236 1107 315 1172 loco
333 1105 447 1190 Gurgh
473 1105 602 1189 iobagio
628 1104 780 1188 Magistri
806 1103 935 1189 Kemyn
961 1102 1104 1169 secundo
1129 1123 1166 1167 se
1193 1102 1257 1167 sibi

112 1214 185 1299 pari
204 1215 335 1281 iurabit
360 1233 520 1298 supereo,
538 1211 756 1296 quodComes
783 1207 899 1274 Omoin
917 1229 968 1276 res
995 1228 1072 1275 suas
1099 1209 1142 1274 ad
1167 1209 1257 1274 ualo-

114 1341 181 1386 rem
217 1321 319 1386 vnius
347 1319 481 1386 fertonis
510 1320 669 1403 receperit
696 1317 858 1400 indebite3
890 1323 1008 1383 extunc
1038 1315 1107 1400 ipse
1139 1315 1256 1382 Comes

114 1424 237 1492 Omoin
255 1425 349 1492 dabit
366 1427 470 1492 eidem
498 1425 612 1508 Gurgh
638 1444 737 1490 unum
753 1425 909 1488 fertonem
926 1422 958 1486 in
976 1422 1112 1488 termino
1123 1442 1253 1506 pernos

114 1534 302 1616 assignato.
320 1533 400 1598 Item
418 1531 531 1598 eodem
551 1531 603 1597 die
620 1537 652 1594 et
667 1531 739 1596 loco
756 1531 873 1596 Comes
890 1527 1007 1594 Omoin
1024 1528 1144 1594 iurabit
1158 1548 1257 1612 super

118 1658 165 1722 eo,
183 1637 277 1722 qnod
295 1639 367 1722 ipse
384 1658 435 1705 res
452 1638 540 1704 Petri
556 1645 588 1702 et
605 1637 762 1722 Ladyzlai
778 1637 988 1718 iobagionum
1012 1635 1161 1700 Ladizlai
1188 1635 1251 1719 filij

117 1745 216 1810 Welk
234 1743 282 1809 ad
298 1745 442 1810 ualerem
459 1745 554 1810 vnius
572 1763 679 1810 marce
697 1751 729 1809 et
745 1743 880 1810 fertonis
897 1764 962 1810 non
977 1744 1146 1828 receperit.
1172 1743 1253 1807 ltem
1279 1741 1287 1761 ’

118 1849 235 1916 eodem
253 1850 309 1916 die
327 1857 359 1914 ct
375 1851 446 1916 loco
463 1851 561 1916 frater
578 1850 745 1917 Johanncs
762 1849 855 1915 Prior
871 1849 913 1915 de
929 1847 1040 1934 Boych
1056 1848 1175 1916 iurabit
1204 1867 1256 1912 sn·

118 1979 177 2042 per
196 1979 249 2044 eo,
268 1957 355 2043 quod
372 1965 499 2023 centum
510 1957 853 2042 qninquagintasales‚
871 1958 983 2024 clamis
1000 1957 1244 2024 ettonioaioba·

119 2065 227 2147 gionis
245 2065 396 2148 Magistri
408 2066 535 2150 Kemyn
547 2071 626 2148 aput
636 2063 770 2130 fratrem
787 2063 933 2128 Blasinm
945 2063 1106 2128 Abbatem
1122 2061 1163 2129 de
1174 2061 1240 2130 San

2 2253 3 2258 ἵ
119 2177 170 2235 cta
186 2171 354 2238 Trinitate
378 2169 615 2254 composicione
645 2173 732 2236 t'acta
757 2172 841 2236 inter
865 2170 1027 2238 Abbatem
1053 2179 1085 2238 et
1114 2172 1250 2256 Koppan

120 2298 181 2344 non
199 2278 421 2343 remanserint
437 2276 605 2342 reddendi.
622 2277 705 2342 ltem
722 2277 835 2342 eodem
852 2276 905 2344 die
922 2283 954 2344 et
969 2277 1039 2342 loco
1056 2278 1172 2346 Oomes
1197 2279 1254 2344 Mi·

2 2395 3 2450 ὲ
124 2385 218 2452 chael
234 2385 322 2450 tilius
340 2384 508 2451 Michaelis
526 2393 558 2449 et
575 2383 761 2467 Ladynlans
776 2383 863 2449 filins
881 2382 977 2450 Welk
988 2384 1145 2450 iurabant
1154 2406 1254 2471 super

2 2508 3 2576 t
121 2511 167 2576 eo,
183 2491 275 2575 qnod
291 2491 361 2576 ipse
379 2491 564 2577 Ladyzlaus
582 2493 681 2570 sales,
698 2491 813 2577 pisces,
831 2497 956 2556 ceteras
973 2511 1025 2556 res
1043 2491 1253 2576 iobagionum

2 2593 4 2676 ’ξ
124 2599 278 2683 Magistri
295 2598 448 2664 Julenon
477 2599 634 2683 receperit
659 2599 702 2662 ad
727 2597 872 2664 ualerem
899 2597 1035 2663 duarum
1060 2577 1252 2664 marearn'ffr:

3 2691 5 2782 ᾗ
121 2704 203 2770 Item
219 2706 337 2771 eodem
353 2704 408 2769 die
421 2713 451 2770 et
462 2706 531 2770 loco
549 2703 664 2770 Comes
673 2703 790 2790 Botyn,
807 2703 1002 2771 Benedictus
1014 2701 1053 2770 de
1064 2705 1205 2789 Kassad,
1224 2713 1259 2771 et

123 2811 292 2879 iohannes
309 2812 395 2878 filius
412 2814 580 2879 Mortnnos
597 2811 748 2876 iurabant
764 2829 860 2895 super
876 2831 924 2893 eo,
942 2811 1028 2894 quod
1046 2811 1119 2895 ipse
1137 2809 1254 2879 Comes

4 2979 5 3000 2
123 2918 227 3004 Botyn
243 2918 417 2985 Nicolaum
429 2916 468 2983 de
479 2917 607 3003 Chergy
623 2919 817 2984 seruientem
833 2917 992 3002 Ladyalai
1009 2917 1065 3002 filij
1080 2919 1177 2985 Welk
1188 2938 1254 2984 non

125 3023 331 3108 desnnxerit,
349 3030 381 3090 ct
398 3023 502 3091 inhoc
513 3024 564 3090 uel
575 3024 609 3089 in
629 3025 685 3108 hys
700 3042 817 3108 expers
828 3024 1085 3092 sitetimmnnis.
1099 3026 1177 3090 Item
1194 3045 1251 3091 eo·

4 3163 6 3182 =
125 3130 196 3197 <lem
212 3130 267 3198 die
295 3137 328 3196 et
352 3132 424 3197 loco
448 3129 633 3214 Stephanus
658 3129 699 3196 de
723 3129 874 3196 Thokma
901 3129 1020 3195 iurabit
1044 3150 1141 3214 snper
1166 3131 1255 3198 sacto

4 3257 7 3330 ᾗ
124 3239 264 3321 quinque
281 3237 443 3323 pecodum
461 3237 670 3320 iobagionum
687 3235 836 3318 Magistri
852 3237 988 3322 Kemyn,
1004 3234 1087 3304 sicut
1103 3237 1164 3303 sihi
1180 3255 1255 3303 con-

5 3349 7 3418 g
127 3349 198 3410 stat
215 3345 300 3411 ltem
317 3347 432 3410 Comes
449 3343 567 3410 Omoin
583 3345 626 3410 ad
643 3343 739 3408 fidem
759 3363 851 3410 suam
876 3344 980 3410 soluet
1005 3344 1148 3427 precium
1176 3345 1252 3430 equi

5 3491 7 3520 t
126 3451 256 3518 Comitis
272 3450 415 3536 Koppan
432 3449 578 3536 impediti
595 3450 629 3516 in
645 3451 715 3519 foro
731 3450 872 3517 Sokloos
890 3469 962 3516 cum
980 3448 1107 3516 homine
1118 3451 1255 3520 Comitis

5 3551 6 3583 ³
125 3555 243 3624 Omoin.
260 3559 342 3626 Item
359 3557 474 3624 (lomes
490 3559 607 3624 Omoin
623 3557 719 3625 debet
733 3556 871 3624 reddere
886 3577 983 3624 unum
1000 3557 1125 3644 bouem,
1159 3579 1258 3626 unam
1326 3623 1329 3636 ,

137 3685 279 3749 naccam,
294 3687 393 3731 unum
408 3665 584 3732 iumentum
602 3667 636 3732 in
660 3667 796 3732 termino
822 3673 898 3732 tnnc
923 3686 981 3751 per
1006 3685 1064 3733 nos
1088 3666 1259 3750 assignato

6 3803 7 3808 κ
137 3771 290 3855 Magistro
305 3773 453 3859 Kemyno
469 3773 641 3840 antedlcto.
658 3775 811 3841 Preterea
826 3793 867 3841 ex
883 3772 1034 3859 aduerso,
1051 3773 1178 3839 scilicet
1197 3795 1259 3859 pro

137 3883 226 3962 parte
241 3879 395 3962 Magistri
411 3877 498 3964 Jnla,
514 3879 547 3944 in
564 3879 685 3946 eisdem
712 3881 837 3946 octaris
855 3880 967 3947 Sancti
992 3879 1117 3945 Nicolai
1144 3877 1261 3948 Comes

139 3985 251 4054 Omoin
268 3987 468 4053 castellanus
486 3987 593 4054 Castri
610 3987 754 4053 eiusdem
770 3985 892 4054 iurabit
908 4007 1007 4073 snper
1023 4007 1060 4054 eo
1076 4007 1186 4053 coram
1202 4010 1257 4056 no·

140 4091 197 4180 bis,
212 4092 299 4180 quod
323 4095 516 4180 Lampertos
542 4093 758 4180 Symigiensis
783 4095 929 4161 seruiens
955 4093 1105 4175 Magistri
1129 4095 1259 4185 Kemyn

141 4216 234 4280 equos
250 4199 306 4265 vel
322 4219 423 4282 equas
448 4207 515 4267 tres
532 4222 676 4283 numero,
704 4209 736 4268 et
753 4199 830 4268 CCC
847 4199 935 4268 sales
959 4198 1165 4281 iobagionum
1191 4205 1260 4271 Ma·

142 4303 225 4387 gistri
243 4306 318 4373 Jnle
334 4308 493 4392 receperit
509 4307 660 4392 indebito,
683 4329 746 4373 non
765 4305 928 4374 reddendo
945 4306 1138 4390 requisitum
1157 4315 1188 4374 et
1204 4330 1259 4379 ex-

141 4417 210 4480 tunc
225 4416 283 4483 lros
300 4435 401 4498 equos
417 4423 449 4482 et
468 4417 525 4482 hos
541 4419 628 4483 sales
645 4417 800 4500 Magister
816 4417 942 4500 Kemyn
954 4415 1068 4480 reddet
1078 4414 1111 4480 in
1122 4418 1260 4486 termino

143 4523 209 4582 torro
226 4543 284 4606 prr
300 4544 358 4586 nos
377 4523 552 4600 assignato.
569 4527 647 4588 item
666 4524 776 4589 coelom
805 4523 854 4586 (lio
881 4533 912 4588 ot
938 4524 1009 4586 loco
1034 4521 1147 4588 Comes
1174 4526 1261 4610 liop-

1033 4637 1064 4696 ll
