3132 5192
92 1197 157 1262 III.
175 1199 296 1262 Eudo-e
312 1200 490 1285 lcirddyuak
504 1199 661 1281 bizouyos,
678 1195 819 1282 Galpdca
834 1199 978 1262 odroilroz
994 1201 1117 1266 tartozd
1125 1199 1240 1278 fiildre

91 1307 273 1370 uonatkozd
309 1306 499 1391 adoucdnya
523 1303 692 1370 Abraham
716 1327 815 1370 eomes
842 1305 971 1371 Menold
987 1307 1041 1389 fia
1072 1312 1232 1373 azdmdru.

616 1411 713 1478 1294.

196 1605 354 1675 Andreas
366 1607 428 1674 Dei
437 1607 550 1692 gracia
565 1607 742 1692 Hungarie,
753 1606 932 1695 Dalmacis,
944 1605 1091 1695 Oroacie,
1107 1609 1220 1695 Rama,

89 1712 215 1797 Seruio,
232 1713 387 1802 Gallicis,
401 1714 603 1800 Lodomcrlc,
630 1713 786 1781 Cumania
802 1713 1021 1798 Balgarioque
1036 1716 1106 1782 Rex
1124 1716 1223 1780 omni-

88 1819 149 1886 bns
168 1820 296 1888 Christi
312 1821 463 1888 fidelibus
481 1829 649 1906 presentes
666 1823 794 1888 litteras
811 1821 1007 1906 inspecturis
1024 1822 1162 1889 salutem
1188 1822 1222 1891 in

88 1927 204 1992 salutis
232 1928 399 2012 largitore.
426 1929 601 2014 Inperante
627 1929 823 2013 florenteque
848 1928 985 2013 negocia
1009 1925 1105 2015 (my),
1121 1930 1224 1999 virtus

1 2084 2 2089 η
89 2053 153 2098 non
180 2036 291 2101 solnm
316 2035 452 2120 premijs
478 2043 567 2101 caret
591 2036 649 2102 sed
685 2036 787 2102 eciam
822 2037 969 2104 subiecta
994 2035 1224 2103 sceleratorum

88 2141 229 2224 pedibus
258 2143 485 2228 conculcatur3
512 2143 646 2227 Regalis
671 2164 747 2211 uero
773 2142 992 2211 Sublimitatis
1032 2144 1221 2228 clemencia,

87 2269 147 2331 qne
163 2247 209 2314 ad
225 2249 359 2316 laudem
377 2251 532 2317 bonorum
558 2257 591 2316 et
607 2251 765 2315 malorum
784 2249 961 2316 vindictam
977 2247 1081 2334 gladij
1097 2254 1223 2337 recepit

87 2363 297 2444 potestatem,
315 2358 455 2442 suscepti
473 2356 640 2439 regiminis
665 2357 874 2441 constrigitur
898 2356 1043 2440 aculeis;
1070 2365 1163 2425 actas
1189 2365 1223 2426 ot

89 2465 204 2530 merita
220 2465 409 2550 prospicere
424 2463 634 2550 subditorum,
645 2470 682 2530 nt
693 2465 758 2530 illis
774 2466 808 2530 in
825 2464 893 2531 suis
904 2463 1220 2553 orcscatbeueficijs,

90 2569 142 2652 qui
158 2570 423 2636 munificenciam
438 2570 573 2653 Regiam
589 2589 665 2636 uere
681 2570 851 2638 fidelitatis
861 2570 969 2656 precio
981 2577 1219 2656 promerentur.

1 2695 3 2702 ’
91 2675 235 2746 Proinde
252 2679 296 2745 ad
313 2677 535 2744 uniuersorum
551 2678 703 2744 noticiam
727 2679 841 2747 harum
867 2679 951 2746 serie
975 2681 1125 2747 uolumus
1149 2699 1219 2765 per-

91 2787 217 2852 uenire:
234 2787 323 2871 quod
342 2786 417 2852 licet
433 2786 606 2853 fidelitates
624 2793 779 2871 actusque
795 2789 918 2854 strenui
929 2788 1065 2855 Comitis
1075 2787 1218 2854 Abraam

1 2900 2 2908 ’
90 2894 147 2957 filii
163 2894 311 2960 Menoldi
327 2893 444 2978 notorij
462 2893 536 2980 sint,
569 2912 630 2958 nec
655 2894 766 2978 aliqua
791 2896 919 2980 possint
943 2895 1219 2980 tergiuersacionc

90 3000 202 3084 celari3
220 3008 332 3066 tamen
350 3007 385 3066 ut
401 2999 504 3085 ipsius
520 2999 607 3068 lame
624 3003 811 3085 preconium
828 3003 917 3085 apud
933 3009 1079 3087 postero
1089 3004 1219 3069 celebre

1 3177 2 3180 Ἴ
90 3106 258 3194 habeatur,
276 3117 310 3176 et
326 3109 447 3194 posteri
458 3108 609 3192 uestigijs
620 3109 691 3176 eins
707 3108 891 3176 inherentes
907 3108 951 3176 ad
967 3109 1089 3176 similia
1101 3129 1216 3195 prouo-

92 3222 220 3299 ocntur;
238 3216 368 3300 aliquos
385 3236 426 3280 ex
442 3215 509 3282 suis
526 3215 656 3282 actibus
683 3215 846 3282 noluimus
870 3217 904 3280 in
931 3216 1135 3300 presentibus
1161 3236 1216 3282 ex·

91 3321 220 3404 plicare.
238 3323 315 3407 Ipse
331 3321 491 3407 siquidem
518 3322 632 3390 Comes
658 3319 814 3408 Abraam,
840 3329 875 3390 ut
899 3323 978 3388 iude
994 3323 1215 3410 exordiamur,

91 3435 233 3514 tempore
250 3429 400 3496 Ducatns
415 3429 516 3496 nostri
533 3430 645 3496 fideles
662 3437 694 3496 et
719 3429 850 3496 sedulos
877 3429 970 3497 nobis
996 3429 1144 3496 exhibuit
1169 3434 1215 3497 fa-

92 3536 241 3604 mulatus.
269 3538 408 3602 Domum
434 3537 536 3604 eciam
560 3556 631 3604 cum
648 3536 788 3604 confinia
810 3537 918 3622 Regni
933 3538 1035 3604 nostri
1060 3557 1118 3624 per
1134 3538 1215 3605 ‘leo-

92 3641 211 3710 touicos
238 3650 339 3729 capta
368 3652 498 3732 essent,
531 3645 678 3711 omnibus
702 3644 864 3711 nobilibus
890 3643 979 3711 illius
1005 3646 1108 3730 partis
1133 3645 1215 3713 Teo·

92 3751 262 3820 lonicorum
279 3753 433 3818 subiectis
450 3753 591 3836 dicioni3
617 3752 704 3818 idern
730 3753 845 3820 Comes
875 3755 1016 3820 Abraam
1043 3755 1229 3825 rebellauit·

91 3859 244 3939 predictis
259 3861 444 3928 Tectonieis
459 3862 492 3926 in
508 3860 572 3926 fide
587 3861 710 3928 Corone
725 3861 827 3944 Regio
843 3861 957 3929 debita
981 3881 1209 3947 perseuerans.

93 3965 167 4030 ltem
183 3987 255 4033 eum
285 3975 509 4052 postmortem
540 3967 663 4034 domini
678 3968 824 4034 Ladinlai
855 3969 1019 4054 quondam
1033 3969 1136 4037 inoliti
1153 3971 1212 4034 Re-

1 4079 2 4082 ’
92 4072 139 4151 gis
166 4073 345 4160 Hungan'e·
374 4074 484 4141 fratris
515 4075 617 4141 nostri
649 4075 809 4160 patruelis
840 4077 944 4144 eidem
961 4078 1211 4144 successiscmus

93 4175 121 4242 in
135 4181 237 4264 Regni
253 4181 371 4249 solium
388 4189 420 4247 et
436 4183 612 4248 Coronam:
631 4183 700 4268 ipse
726 4184 840 4251 Comes
874 4183 1017 4250 Abraam
1034 4203 1104 4249 cum
1122 4201 1211 4247 exer·

95 4284 153 4354 citu
180 4289 304 4356 domini
333 4289 458 4355 Alberti
488 4291 587 4356 Ducis
614 4292 744 4359 Austrie
776 4297 809 4357 et
833 4291 949 4378 Stirie,
982 4299 1058 4357 tuno
1089 4288 1210 4356 inimici
1342 4379 1345 4386 Ι

95 4395 185 4459 nostri
216 4398 390 4482 capitalis,
422 4399 511 4464 iuxta
542 4397 706 4465 ciuitatem
733 4399 934 4483 Tyrncnsem
960 4397 1094 4464 uiriliter
1119 4397 1210 4465 dimi·

97 4499 190 4586 cauit;
208 4504 264 4570 vbi
279 4505 433 4590 postratis
448 4502 535 4592 (igy)
563 4505 708 4572 hostibus
725 4505 832 4590 plnres
857 4525 895 4570 ex
913 4503 995 4589 ipsis
1028 4502 1211 4573 Tectonicis

94 4607 270 4699 captiuaaii,
288 4618 320 4678 st
344 4612 378 4678 in
402 4613 531 4696 signum
546 4611 681 4679 victorie
697 4611 819 4679 vexilla
844 4611 982 4679 hostium
998 4611 1091 4680 nobis
1106 4619 1209 4680 trans-
