3132 5192
598 220 753 318 ms..
781 319 786 326 .

93 415 237 510 Dyakp,
254 422 285 482 et
308 416 354 494 ibi
370 423 502 502 separat
528 413 568 483 de
583 417 717 504 Dyaky,
740 421 772 484 et
787 415 832 483 ibi
863 414 985 482 directe
1008 414 1101 482 illam
1117 417 1239 486 vallem

94 524 305 592 transeundo
320 523 490 609 perueniet
505 523 549 592 ad
564 511 761 609 Almah'cta3
792 531 824 589 et
855 521 973 590 abhinc
990 529 1099 590 autem
1115 527 1234 593 transit

1 660 2 669 ¹
93 629 271 717 Kuesdsw,
289 631 383 697 stibi
400 650 570 716 processus
587 637 745 699 metarum
758 625 953 697 'diffiniuntur
970 633 1002 694 et
1018 629 1234 699 determinan-

93 745 146 802 tur
173 735 222 801 de
246 736 415 804 voluntate
431 743 465 804 et
480 757 639 805 consensu
656 736 798 805 omnium
829 737 1037 819 iobagionum
1063 737 1172 804 castri
1188 738 1230 804 de

91 845 218 930 Zonuo,
250 843 404 911 videlicet
433 843 515 930 Ado,
548 846 647 911 Marci
678 845 723 911 fili
756 845 866 928 Belus;
899 843 996 911 Pauli
1028 850 1061 908 et
1099 841 1230 912 Abrahe

93 951 384 1019 babumeiusdem
415 957 447 1017 ot
472 951 619 1037 Soenke,
652 950 796 1035 Tobios,
812 959 844 1016 et
859 951 1004 1018 aliorum
1033 950 1231 1040 commetha·

1 1093 2 1100 κ
97 1077 249 1138 aeorum,
265 1059 391 1126 seilicet
415 1057 575 1125 Johannis
600 1057 646 1123 lili
674 1057 831 1142 Marcelli,
850 1078 889 1124 ac
904 1057 1055 1145 aliorum,
1072 1057 1163 1123 nullo
1179 1077 1232 1144 pe

1 1149 3 1156 ’
93 1167 182 1232 nitus
202 1165 443 1234 contradictore
459 1167 631 1253 existente,
643 1164 797 1234 Ladinlao
808 1163 1097 1250 fllioLadizlayde
1114 1184 1234 1248 genero

94 1275 201 1340 Borsa
218 1273 385 1358 quondam
416 1272 606 1359 Wayonode
623 1273 867 1359 Transilnanie,
894 1278 928 1338 ot
944 1263 1009 1358 per
1020 1292 1093 1340 eum
1110 1271 1232 1340 heredi·

95 1383 155 1450 bue
171 1381 396 1466 heredumque
405 1401 536 1449 suorum
552 1382 793 1450 successoribus
809 1377 1023 1448 vendiderunt
1039 1385 1073 1445 et
1087 1376 1228 1448 tradide-

9 1507 13 1514 ·
96 1497 173 1559 runt
184 1509 249 1574 pro
265 1488 454 1572 octuaginta
471 1488 667 1575 mareysfini
682 1487 820 1573 argenti,
836 1507 946 1556 coram
958 1486 1158 1572 nobisplene
1175 1485 1230 1554 ha·

95 1597 174 1666 bitis
185 1603 220 1664 et
229 1596 382 1680 receptis.
395 1595 592 1663 Condicioue
611 1594 842 1662 nichilominus
858 1593 1042 1662 huiusmodi
1052 1593 1229 1678 mediante,

96 1705 182 1790 quod
199 1707 244 1772 ab
261 1703 409 1771 omnibus
426 1703 538 1770 litibus
556 1709 589 1769 et
605 1703 826 1786 questionibus
841 1701 910 1769 ullo
927 1720 1068 1786 unquam
1083 1705 1229 1786 tompore

97 1834 154 1900 per
171 1811 363 1896 quempiam
382 1811 632 1898 emergentibus,
649 1811 840 1896 prephatum
866 1809 1057 1877 Ladialaum
1082 1808 1229 1896 Vayouo·

1 1925 2 1928 ’
95 1921 169 1988 dam
185 1928 246 1988 aut
261 1941 338 1988 suos
353 1917 487 1986 heredes
503 1917 653 1986 Andreas
669 1918 755 1984 tilius
772 1917 872 2004 Syke,
893 1916 1111 2004 Symonfilins
1127 1917 1230 2000 Raso,

98 2031 244 2098 Jacobus
261 2027 349 2095 filius
366 2025 520 2112 eiusdem,
538 2034 571 2093 et
587 2024 752 2095 lohannes
762 2025 847 2096 lilius
872 2023 1017 2094 Marcelli
1043 2021 1231 2114 supradicti,

96 2143 153 2204 aut
167 2137 321 2222 ipsorum
336 2133 482 2222 heredes,
499 2134 696 2201 tenebuntur
712 2133 869 2218 expedire
894 2133 1038 2220 proprijs
1062 2131 1229 2199 laboribus

1 2229 2 2289 Ϊ
100 2249 132 2309 et
148 2243 317 2330 expensis,
334 2249 367 2308 et
382 2241 417 2308 in
434 2241 573 2327 pacifica
589 2241 799 2326 possessione
815 2258 1020 2308 conseruare.
1038 2239 1107 2306 Nos
1132 2237 1231 2323 igitur

1 2435 2 2451 χ
99 2347 284 2418 huiusmodi
302 2349 487 2416 ueudioioni
504 2347 684 2416 ealliditate
700 2347 955 2432 malignancium
972 2365 1125 2434 processu
1150 2351 1229 2412 tem-

1 2506 3 2555 2
99 2461 185 2542 poris
202 2478 272 2526 non
289 2457 390 2544 possit
404 2456 586 2544 retractari,
602 2457 646 2524 ad
662 2457 858 2524 instanciam
874 2463 907 2526 et
933 2454 1130 2542 peticionem
1155 2451 1230 2520 stri-

1 2577 2 2651 ,
98 2585 200 2651 usque
215 2565 324 2652 partis
339 2572 510 2652 presentes
528 2565 746 2632 concessimus
763 2565 901 2649 litteras,
919 2563 1022 2648 sigilli
1047 2562 1149 2630 nostri
1174 2561 1228 2627 im-

1 2677 2 2734 ]
101 2675 270 2758 pressione
287 2672 511 2740 communitas.
540 2671 661 2739 Datum
686 2671 844 2758 Magistro
869 2669 1029 2738 Michaele
1045 2668 1225 2756 Proposito,

1 2777 2 2842 3
102 2780 261 2866 Gregorio
276 2781 427 2867 Centone,
443 2781 545 2849 Paulo
563 2777 716 2864 Custode,
735 2779 833 2850 Saulo
848 2778 983 2848 Deoano
1009 2776 1157 2844 Ecclesia
1172 2796 1227 2842 no·

1 2912 2 2986 j
101 2895 165 2955 stre
180 2886 413 2976 existentibus,
429 2909 515 2954 anno
531 2886 663 2956 Domini
680 2883 801 2956 M⁰oo⁰
824 2885 1049 2971 nonagesimo.
1075 2882 1229 2951 seeundo.

1 3071 2 3148 ζ
105 3084 240 3148 (Eredetie
272 3086 447 3154 bbrhtrtybn,
472 3084 681 3156 pecsetnblkttl,
705 3101 722 3138 a
742 3086 804 3155 gros
822 3083 901 3138 anli
925 3079 1017 3136 esaltd
1040 3077 1229 3134 levlltlulban

1 3181 2 3187 ’
459 3175 639 3231 Kolozsvtrtt.
654 3175 742 3229 Suebo
755 3172 877 3240 Klroly.)
