3132 5192
544 326 702 435 ..aa

70 531 97 593 et
110 522 254 591 dedimus
285 524 533 610 inperpetuum
559 525 706 610 plenarie
729 525 966 613 possidendam.
992 525 1189 598 condicione

72 641 170 700 tumen
185 632 371 699 huiusmodi
387 633 572 718 mediante3
588 639 623 699 vt
638 655 696 720 por
713 634 860 720 spacium
877 642 1013 719 quatuor
1029 657 1187 705 annorum

71 740 212 824 proxime
226 741 415 828 futurorum,
432 761 453 806 a
469 740 547 806 data
563 741 766 826 presencium
783 741 910 810 seilicet
927 745 1078 812 continue
1103 764 1187 811 eom-

70 847 218 934 putaudo,
235 837 322 913 idem
338 847 505 932 Nyeolaus
521 852 554 914 et
568 847 618 913 sui
636 847 770 915 heredes
786 870 825 916 ac
840 851 962 936 posteri
977 852 1110 920 racione
1125 859 1186 920 ter·

70 955 144 1041 ragij
163 955 317 1023 annualis
343 957 437 1022 uobis
453 954 553 1021 nichil
570 955 647 1022 dare
660 955 841 1042 debebuut3
860 959 972 1044 quinto
983 968 1188 1029 eutemauno

68 1064 156 1132 etsie
184 1063 336 1149 deinceps
362 1070 530 1150 perpetuo,
557 1065 726 1132 annuatim
752 1067 880 1133 soluent
903 1069 998 1135 nobie
1028 1068 1187 1136 fertonem

67 1171 224 1240 rsualium
255 1171 428 1255 Regaliurn
459 1179 671 1258 monetarum,
689 1181 765 1240 tuuc
790 1175 943 1260 temporis
977 1175 1020 1244 ad
1044 1178 1188 1244 valorem

67 1277 314 1348 mercimonialis
332 1278 461 1363 argenti
487 1279 522 1344 in
550 1278 685 1348 ciuitate
710 1280 928 1364 strigoniensi
953 1283 1129 1368 currentis3
1157 1291 1189 1352 et

69 1387 207 1458 eiusdem
223 1386 361 1474 Nyeolai
379 1393 411 1454 et
428 1406 558 1454 suorum
584 1386 739 1454 heredum
767 1386 853 1478 (igy)
877 1389 920 1456 ad
946 1389 1188 1460 edificacionem

73 1496 242 1580 domorum,
260 1495 367 1561 edium
386 1502 418 1562 et
441 1514 605 1563 murorum
632 1495 776 1562 eiusdem
802 1503 888 1564 terre
912 1505 1023 1564 nostre
1047 1499 1080 1566 iu
1105 1499 1190 1567 facie

70 1602 363 1691 construendorum,
381 1603 422 1669 de
438 1608 547 1670 monte
563 1609 673 1671 nostro
690 1601 730 1668 de
746 1603 918 1691 Taplyoba
933 1604 1063 1693 lapides
1088 1625 1189 1692 usquc

70 1711 109 1780 ad
134 1710 369 1780 sufficienciam
396 1709 628 1798 concedemus5
655 1711 844 1780 balneorum
870 1719 903 1779 et
934 1713 1189 1782 molendinorum

71 1827 248 1889 nostrorum
263 1819 329 1906 ria,
346 1825 378 1887 et
394 1818 466 1888 loeo
482 1820 660 1888 molendini
677 1820 820 1888 ciusdem
837 1820 988 1908 Nyeolai,
1015 1821 1062 1890 ibi
1087 1821 1189 1890 nichi-

73 1931 205 1998 lominus
221 1929 325 1997 libere
336 1935 533 1996 remanente.
548 1930 685 2014 Insuper
702 1927 805 1996 eidem
823 1929 970 2016 Nyeolao
986 1938 1019 1997 et
1044 1930 1111 1997 suis
1137 1930 1190 2000 be-

70 2040 193 2109 redibus
222 2059 262 2106 ac
280 2036 526 2124 posteritatibus
557 2033 763 2122 promisimus
783 2036 963 2105 liberaliter
987 2043 1020 2104 et
1042 2038 1191 2124 libenter,

70 2156 101 2214 rt
117 2145 363 2216 melioracioues
379 2165 467 2232 suas,
484 2144 512 2212 si
529 2163 611 2228 quas
626 2165 726 2230 super
741 2143 828 2211 facie
854 2145 1000 2214 ciusdem
1026 2153 1110 2214 terre
1134 2169 1190 2218 no·

74 2266 135 2326 stre
151 2255 290 2326 iecerint
304 2256 372 2324 suis
389 2254 556 2322 laboribus
572 2259 604 2320 et
620 2253 784 2340 expensis,
802 2260 833 2319 et
849 2253 917 2320 ullo
933 2274 1085 2339 umquam
1111 2261 1190 2324 tem·

70 2385 141 2451 pore
156 2363 346 2434 uendieioni
362 2362 516 2430 duxerint
532 2359 752 2449 exponendas,
777 2359 871 2428 nobis
897 2358 987 2447 p'rius
1011 2364 1190 2449 requisitis,

69 2481 100 2540 ut
113 2472 245 2559 expedit
261 2477 347 2538 terre
362 2467 513 2554 dominis,
529 2469 557 2534 si
574 2487 634 2534 nos
660 2487 718 2534 eas
733 2466 776 2534 ad
792 2486 852 2534 uos
872 2488 937 2535 uon
954 2466 1191 2537 decreuerimus

71 2577 282 2666 redimendas,
299 2577 376 2663 alijs
392 2575 579 2644 homiuibus
595 2573 767 2660 vendendi,
794 2573 855 2640 sub
882 2575 1043 2662 premisso
1069 2576 1190 2644 bonore

71 2695 99 2756 et
111 2687 220 2755 debito
238 2684 449 2766 condicionis,
465 2683 631 2752 habebunt
646 2682 783 2749 liberam
810 2681 1010 2748 facultatem.
1037 2682 1074 2750 ln
1102 2688 1193 2752 ouius

45 2851 49 2856 ,
71 2817 122 2882 rey
135 2795 322 2862 firmitatem
350 2800 383 2862 et
398 2791 588 2859 memoriam
613 2791 846 2875 sempiternam
872 2797 1039 2876 presentes
1064 2792 1192 2859 litteras

72 2901 168 2969 eidem
194 2899 354 2988 Nyeolao,
383 2907 416 2968 et
440 2899 509 2966 suis
534 2896 719 2984 heredibus,
735 2895 837 2980 sigilli
861 2896 965 2964 nostri
990 2898 1193 2984 appensione

71 3009 210 3077 dedimus
227 3008 448 3076 communitas.
465 3007 584 3072 Datum
602 3025 660 3090 per
676 3023 791 3071 manus
808 3003 936 3071 discreti
954 3003 1015 3070 riri
1039 3003 1190 3088 Magistri

72 3115 232 3204 Cypriani,
257 3115 403 3183 Ecclesie
427 3120 534 3182 nostre
560 3113 724 3198 Lectoris;
749 3131 835 3178 auno
859 3112 993 3178 Domini
1017 3111 1190 3178 millesimo

71 3225 287 3294 ducentesimo
304 3231 431 3312 quarto,
449 3223 482 3290 iu
499 3223 606 3308 eapite
623 3217 841 3288 kalendarum
857 3219 980 3286 mensis
997 3219 1129 3305 Aprilis.

322 3439 351 3506 A
657 3435 684 3500 Β
902 3433 927 3500 G

71 3635 118 3706 (te
127 3641 224 3694 eredcti
236 3637 304 3692 utdu
317 3639 414 3689 Knauz
428 3633 538 3688 Ndndor
560 3635 675 3700 Magyar
698 3631 762 3683 Sion
776 3633 825 3682 111.
851 3633 907 3683 lrbt.
933 3633 994 3682 848.
1009 3629 1027 3684 l.
1040 3627 1177 3683 Kivouutd

294 3725 353 3782 ltro
364 3726 490 3794 rejernel
504 3726 569 3779 (too.
582 3725 657 3792 Dipl.
669 3725 717 3776 VI.
734 3723 760 3775 k.
772 3725 794 3777 I.
808 3740 834 3776 r.
848 3725 909 3774 340.
924 3721 954 3789 l.)
