3124 5194
371 533 532 602 circaXX
549 553 678 600 marcas
694 531 846 598 similiter
867 551 924 616 per
934 529 1067 597 eosdem
1077 531 1285 598 arbitratores
1295 537 1490 595 numeratam

369 647 642 726 computatamne,
661 637 768 707 eidem
783 637 963 706 Benedieto
980 645 1118 723 cognato
1135 658 1193 705 suo
1211 637 1335 704 dimisit
1350 638 1486 722 plenarie

369 756 402 813 et
417 767 475 832 per
490 748 600 814 omnia
624 747 787 815 relaxauit
816 747 850 811 in
865 753 1074 834 perpetuum
1092 747 1138 812 ita
1163 744 1317 814 videlicet
1326 797 1337 832 ,
1370 744 1488 826 quodsi

369 856 440 938 ipse
456 855 612 940 Magister
628 853 824 920 Benedictus
833 861 1062 920 nocumentum
1079 852 1151 918 sine
1165 853 1342 936 dampnum
1357 851 1488 918 destrue·

368 963 536 1028 1111111111
552 963 657 1027 eidem
683 961 800 1028 Comiti
830 961 955 1026 'l'bome
971 961 1024 1026 uel
1041 961 1109 1028 suis
1129 960 1356 1044 icbagionibus
1373 961 1489 1043 quibus·

368 1069 447 1134 libet
464 1069 644 1153 ubicunqne
669 1069 882 1152 degentibus
907 1067 962 1135 nel
987 1067 1226 1153 residentibus,
1259 1075 1291 1131 et
1314 1065 1490 1153 specialiter

367 1197 465 1264 snper
479 1175 684 1263 possessione
699 1183 876 1243 memorata
892 1177 1040 1243 intulerit
1055 1175 1244 1263 irrogando,
1259 1174 1313 1241 nel
1327 1173 1440 1240 inferri
1453 1173 1489 1238 le·

367 1284 450 1348 eerit
466 1284 734 1368 quandocunque,
751 1293 871 1350 estune
885 1283 972 1350 idem
998 1284 1195 1351 Benedictus
1220 1279 1386 1367 predictas
1400 1279 1490 1365 qnad-

366 1393 493 1476 raginta
508 1411 637 1458 marcas
652 1393 785 1458 racione
800 1392 1014 1476 dampnorum
1030 1411 1160 1459 snorum
1174 1391 1292 1458 0111111
1307 1391 1429 1456 Thome
1446 1390 1489 1454 de-

364 1497 462 1583 bitas,
478 1503 510 1562 et
525 1497 659 1582 insuper
675 1497 736 1564 XX
755 1499 1027 1564 marcasraeione
1038 1499 1238 1584 judiciorum
1258 1498 1361 1564 eidem
1380 1495 1489 1562 Comiti

365 1607 488 1671 'lbome
506 1605 648 1692 debitas,
665 1613 699 1670 nt
717 1613 767 1671 est
783 1605 915 1692 dietum,
941 1607 1047 1692 primo
1064 1606 1182 1673 citatus
1209 1627 1269 1692 per
1285 1606 1422 1672 eundem
1439 1605 1489 1670 Co·

364 1713 473 1795 mitem
488 1711 646 1778 Thomam
661 1713 698 1778 in
714 1713 888 1798 prioryque
904 1713 1044 1780 termino
1070 1716 1194 1797 absque
1218 1715 1356 1802 strepitu
1374 1712 1487 1794 Jndieij

369 1821 516 1904 alieuius,
533 1819 679 1904 predicto
696 1819 813 1886 0οωί11
828 1821 952 1888 Thome
969 1822 1047 1888 dare
1063 1827 1096 1887 et
1113 1825 1301 1908 persoluere
1330 1828 1485 1888 teneatur.

363 1929 391 1993 Ε
407 1937 518 1993 eontra
533 1926 619 1992 idem
635 1927 792 2010 Magister
815 1927 1008 1994 Benedictus
1032 1928 1118 1996 filius
1134 1930 1272 1996 Comitis
1289 1930 1417 1996 Nicolai
1432 1928 1485 1994 ibi-

363 2037 436 2101 dem
453 2037 486 2101 in
502 2037 744 2120 presenciarum
760 2034 911 2121 astando,
928 2035 1130 2120 sepedictam
1147 2043 1249 2104 totam
1265 2045 1396 2120 terram,
1413 2043 1483 2101 tota·

362 2143 467 2210 lemae
483 2143 722 2227 possessionem
755 2143 954 2208 nominatam
981 2143 1215 2230 Gneredyscha
1240 2147 1292 2211 uel
1317 2142 1484 2230 Hydwygb

366 2259 516 2316 uocatam
533 2251 586 2315 uel
601 2257 743 2334 uocatas,
760 2271 832 2316 cnm
849 2250 917 2316 suis
941 2251 1092 2317 omnibus
1117 2253 1332 2339 utilitatibus,
1348 2261 1380 2318 11
1394 2251 1483 2338 perti·

364 2355 488 2439 nenoijs
506 2357 723 2442 quibuslibet,
748 2377 787 2421 ac
803 2357 1060 2442 circumstansiJs
1086 2359 1247 2426 vniuersts
1257 2413 1267 2445 ,
1285 2360 1381 2427 certis
1397 2360 1482 2422 metis

361 2469 394 2531 11
410 2463 555 2530 terminis
574 2463 716 2548 rudique
733 2464 949 2531 circumdatas
968 2471 1000 2530 et
1015 2465 1165 2552 uallatas,
1182 2467 1267 2533 siout
1283 2469 1478 2552 exprimetur,

365 2589 435 2634 enm
453 2570 672 2654 sessionibus,
689 2579 796 2655 terrys
821 2572 1023 2657 arabilibus,
1052 2574 1155 2657 pratis
1181 2583 1213 2640 et
1230 2573 1323 2640 siluis
1339 2575 1380 2639 ad
1395 2591 1479 2638 usum

361 2685 433 2743 octo
450 2683 641 2759 aratrorum,
658 2680 743 2744 sient
760 2699 800 2743 ex
824 2679 898 2745 uisu
915 2679 1115 2747 considerari
1136 2679 1250 2765 datur,
1281 2681 1477 2761 sufficientes,

359 2784 394 2847 in
411 2805 475 2851 nno
492 2785 614 2850 ambitu
630 2805 687 2850 sen
714 2787 785 2852 loeo
810 2785 898 2852 11111
913 2787 1059 2854 Drauam
1085 2789 1180 2855 iuxta
1204 2789 1324 2855 fluuios
1349 2789 1478 2855 Karasw

359 2899 390 2955 11
406 2890 606 2976 Welcbycba
621 2899 754 2958 uocatos
780 2891 918 2958 situatas
943 2901 973 2959 et
999 2894 1208 2976 adiacentes,
1234 2915 1294 2978 per
1318 2895 1419 2977 ipsum
1435 2910 1476 2956 oo·

358 3007 493 3084 cupales
503 3050 512 3082 ,
531 2998 615 3064 sicut
646 2999 840 3083 premittitur
856 2999 977 3068 seriose
987 3053 996 3085 ,
1030 3002 1154 3067 remisit
1174 3009 1207 3067 et
1224 3002 1365 3068 restitnit
1380 3000 1474 3068 eidem

357 3104 474 3172 Comiti
491 3105 614 3173 Thome
630 3107 670 3171 de
688 3105 799 3172 Beend
825 3115 965 3190 cognato
982 3127 1041 3173 suo
1051 3159 1061 3192 ,
1088 3114 1122 3172 11
1147 3107 1279 3174 domine
1297 3109 1476 3175 1111111111-

359 3213 431 3278 dem
448 3213 550 3279 sorori
568 3231 625 3278 1111
635 3212 917 3298 earnali,·suisque
927 3212 1112 3297 heredibus,
1128 3214 1349 3296 heredumque
1359 3231 1473 3281 snorum

357 3317 600 3386 successoribus
617 3323 650 3383 11
666 3319 924 3405 posteritatibus
940 3319 1220 3404 irrefragabiliter,
1242 3318 1473 3386 irretractabili·

357 3433 416 3510 ter,
434 3425 667 3492 inuiolabiliter
684 3431 716 3490 11
732 3427 1070 3493 1111111111111111111
1086 3435 1244 3512 perpetuo
1261 3425 1472 3512 possidendas,

355 3533 510 3616 tenendas
528 3533 651 3617 pariter
676 3541 708 3597 11
733 3534 922 3619 habendas,
956 3534 1120 3619 nichilque
1147 3535 1237 3623 inrys
1253 3535 1395 3601 nichilue
1410 3552 1472 3617 pro·

354 3639 505 3724 prietatis
519 3639 553 3703 11
570 3641 630 3724 hys
646 3640 740 3705 terris
757 3647 789 3705 et
807 3643 840 3706 in
866 3642 927 3707 bae
953 3643 1161 3727 possessione
1178 3642 1412 3728 Goeredysoha
1427 3637 1473 3705 nel

356 3745 532 3831 Hydwygh
549 3749 674 3814 rroeatis
691 3749 761 3833 ipso
778 3749 934 3833 Magistro
960 3751 1137 3817 Benedieto
1163 3771 1223 3836 pro
1240 3771 1277 3818 se
1295 3759 1326 3816 et
1342 3771 1400 3835 pro
1416 3748 1473 3814 sois

354 3851 526 3919 beredibns
541 3855 575 3918 in
593 3852 732 3919 loturum
759 3865 960 3922 reseruante.
989 3857 1146 3942 Idemque
1162 3847 1321 3942 Magister
1348 3855 1473 3923 Benedi-

353 3965 423 4027 ctus
441 3961 538 4026 cessit
555 3967 586 4025 et
604 3962 808 4027 renunciauit
824 3965 910 4028 omni
930 3965 978 4030 liti
998 3986 1056 4030 sue
1074 3973 1106 4031 et
1122 3967 1263 4050 accioni,
1280 3985 1377 4050 quam
1404 3963 1472 4026 forte

354 4087 437 4134 nune
456 4069 507 4133 nel
525 4067 556 4130 in
575 4070 878 4152 posterumraoione
890 4070 987 4138 lruins
999 4075 1215 4155 possessionis
1233 4073 1391 4140 aduersus
1408 4091 1471 4136 eun·

352 4175 423 4241 dem
436 4175 595 4240 Thomam
606 4180 923 4262 mouerepotuissct3
941 4199 1017 4262 ymo
1027 4182 1097 4264 ipse
1107 4181 1269 4264 Magister·
1286 4181 1470 4246 Benedictus

349 4283 391 4348 ab
407 4283 494 4346 ornni
513 4281 692 4365 impetitone
718 4284 847 4350 racione
871 4283 967 4350 huius
985 4287 1201 4370 possessionis
1226 4288 1366 4354 eundem
1382 4283 1471 4352 Comi·
1549 4303 1551 4324 ⁴

352 4395 416 4453 tem
433 4387 591 4453 Thomam
607 4407 745 4472 suosque
757 4387 895 4456 herodes
914 4393 1076 4459 tenebitur
1085 4395 1242 4479 expedire
1259 4403 1292 4460 et
1308 4415 1366 4480 per
1375 4393 1470 4461 omnia

350 4495 523 4560 delensare
540 4493 682 4579 proprijs
707 4494 879 4564 laboribus
907 4505 938 4564 et
955 4501 1122 4584 expensis.
1155 4502 1280 4568 011111
1297 4510 1402 4569 autem
1417 4518 1470 4564 me·

353 4604 458 4666 taram
476 4601 572 4666 huius
598 4603 813 4684 possessionis
840 4623 897 4670 sen
924 4605 1038 4672 harum
1067 4615 1225 4673 terrarum
1249 4606 1477 4694 Goeredyseha

1532 4719 1550 5192 l
