3180 5202
922 339 1083 438 ..ἐι-ἓ-
1499 4 1572 481 W

424 537 525 604 vbiles
540 536 575 602 iu
591 534 755 603 eommuni
769 532 1218 621 oougregaoionesuperbiJs,
1235 552 1296 616 qua
1305 539 1425 600 eontra
1437 531 1548 600 eosdem
1568 497 1572 600 i

439 639 717 730 proponebantur,
733 661 791 710 seo
806 659 963 709 exeusaro
978 661 1044 708 non
1067 647 1255 724 curassent,
1280 647 1313 706 et
1328 639 1381 706 sio
1395 641 1551 722 possessio
1571 695 1572 734 ἶ

438 771 497 821 nes
512 749 688 819 eorundem
703 750 909 835 presentibus
923 747 1088 815 nobilibus
1107 756 1141 815 et
1154 749 1232 835 alijs
1251 748 1286 814 in
1300 745 1422 814 eadem
1436 767 1551 832 oougre
1570 793 1571 796 ,

419 859 577 945 ;gaoiono
591 859 710 926 Comiti
724 857 831 926 Atbuu
845 857 992 944 predicto
1016 857 1158 926 luissent
1187 857 1373 943 assignate.
1404 856 1553 924 Datumin
1570 863 1572 920 ζ

438 967 555 1052 uigilia
569 967 664 1034 Beati
679 964 798 1034 Jaoobi
816 963 977 1052 Apostoli.

545 1073 701 1142 Kivttl:
717 1075 823 1160 Super
838 1074 1078 1160 protestatione
1093 1071 1250 1140 nobilium
1266 1071 1309 1140 do
1319 1069 1553 1157 Waraulowpro

423 1181 564 1250 vomite
573 1177 689 1250 Athuu.

418 1391 578 1460 eOErsdetie
591 1391 767 1462 btlrbtrtydm
778 1409 795 1446 a
807 1391 885 1446 lirul
904 1393 956 1446 oda
968 1399 1094 1458 nyornott
1114 1392 1204 1460 peosbt
1223 1395 1378 1458 elusanam
1392 1409 1410 1446 a
1424 1393 1501 1446 balal
1511 1395 1552 1446 kin.

834 1485 958 1536 kamarai
970 1480 1161 1550 levbllirbun.)

959 2349 1036 2418 272.

428 2563 542 2632 ¹*Voeoo
558 2565 676 2631 kroledi
690 2567 722 2632 e'a
737 2565 918 2632 sandomir-i
931 2565 1090 2650 kopildrry
1113 2567 1382 2652 mapparorazdpr'
1398 2564 1496 2629 [moda
1508 2585 1545 2629 oo

422 2684 515 2738 -maat
537 2673 727 2759 rzolpolotot
744 2671 999 2757 jrttulmozdadol
1023 2673 1170 2758 bizorayoa
1193 2671 1484 2758 ledeambnpetber
1510 2673 1544 2733 νέ-

891 2782 1005 2847 azear'ti.
1022 2777 1120 2845 1300.

547 2994 586 3060 Iu
602 2994 732 3062 nomino
747 2992 879 3060 Domini
893 2991 1009 3060 Amen.
1029 2975 1316 3079 Benedoiaquede
1332 2987 1542 3059 manibusdou·

422 3109 489 3166 tur
505 3098 692 3185 Principum
709 3105 867 3186 perpetuo
883 3096 1038 3166 duratura
1046 3147 1057 3186 ‚
1075 3099 1194 3167 decens
1219 3107 1252 3168 et
1266 3099 1482 3167 necessarium
1496 3099 1543 3177 est,

438 3226 502 3272 non
519 3205 623 3274 solnm
639 3205 824 3272 testimonio
840 3205 1006 3274 bominum
1031 3206 1185 3274 memorio
1201 3205 1439 3281 commendam
1453 3221 1542 3270 uerum

415 3363 418 3370 .
438 3313 543 3380 eniam
558 3313 716 3398 scripture
735 3313 850 3382 robore
875 3312 1082 3398 perbenuari.
1098 3312 1178 3382 Ideo
1193 3321 1259 3381 tam
1275 3334 1413 3401 presens
1427 3319 1488 3380 etas
1500 3328 1543 3374 ro

438 3420 522 3486 uerit
555 3439 652 3504 quam
676 3419 795 3508 lutura,
823 3418 907 3506 quod
939 3441 998 3488 nos
1037 3421 1145 3490 Voooo
1176 3421 1374 3508 Capitonem
1415 3414 1541 3488 cmmode

438 3534 472 3594 et
502 3525 703 3594 Sandom'rie
741 3525 782 3594 de
820 3527 956 3614 speoiali
987 3535 1140 3616 prooepto
1169 3528 1375 3596 Serenissimi
1410 3521 1538 3606 Principis

438 3631 561 3698 domiui
580 3633 681 3699 nostri
698 3635 869 3702 Venoeslai
908 3635 972 3704 Dei
1005 3636 1119 3721 mania
1147 3634 1247 3720 Regis
1272 3635 1444 3721 Bobemie,
1478 3627 1540 3696 bill·

420 3737 561 3806 *obiouis
601 3740 753 3827 Moranie,
780 3741 949 3825 Duoisque
981 3741 1138 3810 Graoonio
1163 3749 1195 3808 et
1225 3741 1440 3826 Sandomirie,
1462 3731 1538 3834 nobili

435 3846 506 3914 viro
537 3843 655 3912 domiti
688 3846 856 3932 Stephano
887 3850 1029 3935 Vngeuo,
1061 3848 1273 3916 bonsideratis
1307 3848 1381 3916 eius
1421 3839 1538 3924 seruicijs

435 3953 584 4039 utilibus,
623 3951 782 4038 fidelibus,
821 3963 854 4022 et
894 3956 995 4024 multo
1035 3963 1180 4041 tempore
1214 3955 1360 4040 inpensis
1399 3963 1432 4024 et
1457 3949 1536 4018 adbuo

437 4059 656 4148 inpendendis
689 4061 877 4145 capitaneis
909 4060 1180 4130 Oraoouiousibus
1191 4113 1201 4147 ,
1234 4071 1266 4129 et
1305 4061 1402 4130 uobis
1439 4055 1538 4127 romine

436 4167 559 4236 domini
598 4167 700 4234 nostri
740 4167 859 4256 Regis,
900 4176 996 4253 prout
1036 4169 1129 4237 nobis
1170 4169 1339 4237 euidenter
1381 4165 1536 4241 constabatr

424 4273 523 4343 dioto
540 4273 657 4343 eomiti
673 4274 840 4361 Stephano
859 4283 892 4343 et
908 4277 977 4344 suis
995 4276 1168 4345 heredibus
1194 4275 1330 4359 damus,
1347 4274 1534 4349 eonoedinuu,

437 4402 477 4450 ao
494 4383 586 4450 titulo
603 4383 761 4468 perpetue
794 4381 984 4453 donaoionis
1011 4384 1171 4452 tradimus
1196 4385 1366 4471 nauigium
1398 4378 1534 4470 lapideum

421 4508 508 4555 oum
526 4487 684 4584 omnibus
699 4489 898 4557 utilitatibus
923 4497 957 4558 et
971 4491 1184 4577 pertineueijs
1200 4491 1280 4578 suis,
1296 4492 1332 4558 in
1347 4490 1441 4558 Viula
1453 4488 1535 4552 ooutrt

419 4594 534 4662 »Gonia
549 4595 731 4680 iaoeutem;
750 4596 876 4664 lanians
893 4598 996 4687 ipsam
1026 4597 1262 4678 donacionem,
1278 4605 1313 4666 et
1327 4598 1450 4666 incolas
1463 4592 1536 4678 iptlb
