3132 5192
771 1016 824 1084 69.

267 1219 402 1304 Raquzo
418 1220 450 1282 ts
469 1219 601 1282 Ancona
618 1213 753 1282 odrosck
774 1214 857 1277 lcdzto'
872 1207 1085 1277 taeokedetmr'
1108 1203 1278 1274 ozerzodto.
1299 1196 1407 1263 1292.

374 1414 413 1480 In
429 1413 561 1480 nomine
585 1411 715 1478 Domini
746 1425 778 1480 ct
795 1411 946 1478 Gloriosa
978 1403 1122 1488 Virginis
1153 1401 1254 1467 Maria
1281 1395 1407 1461 Amen.

271 1520 351 1587 Cum
367 1521 426 1588 hoc
444 1529 547 1606 esset,
573 1520 660 1604 quod
685 1521 823 1604 quedam
851 1525 947 1602 pacta
972 1523 1004 1580 et
1029 1507 1266 1579 convenciones
1288 1505 1411 1570 essent

226 1635 231 1642 '
270 1629 355 1694 inter
372 1629 547 1695 Commune
571 1625 707 1710 Ragnsii
733 1627 865 1708 eiusque
881 1621 1049 1689 Sindicnm
1080 1639 1119 1685 ex
1145 1636 1209 1682 una
1234 1617 1357 1697 parte,
1375 1611 1408 1670 et

272 1737 449 1802 Commune
466 1719 599 1802 Ancbne
614 1735 746 1816 eiusque
758 1733 924 1816 Sindicurn
941 1751 981 1794 ex
998 1729 1114 1810 altera,
1130 1743 1227 1806 super
1244 1715 1357 1786 daciis
1376 1720 1410 1778 et

271 1843 532 1909 immunitatibus
566 1863 621 1909 seu
658 1841 873 1925 libertatibus,
892 1837 1134 1905 condicionibus
1165 1825 1329 1896 habendis
1365 1823 1409 1887 ab

272 1962 409 2034 utroque
424 1951 582 2017 dictorum
610 1953 852 2034 Communium,
886 1949 919 2012 in
946 1943 1106 2012 territorio
1123 1945 1156 2006 ct
1167 1932 1413 2026 Jurisdiccicne

275 2060 418 2142 ipsorum
435 2061 656 2132 Communium
685 2061 725 2124 ab
743 2061 843 2125 altero
863 2059 1008 2140 ipsorum
1040 2053 1203 2131 vicissim;
1222 2067 1261 2112 ex
1287 2041 1413 2125 quibus

276 2168 383 2250 pactis
401 2176 432 2235 ct
449 2169 725 2235 conuencionibus
752 2168 861 2248 alique
878 2163 1093 2230 obscuritates
1120 2159 1191 2224 sinc
1217 2151 1318 2218 dnbio
1338 2166 1415 2232 pro·

273 2275 441 2360 cedebant,
459 2297 497 2341 ac
515 2278 617 2342 eciam
635 2277 737 2342 multa
754 2273 889 2340 deerant
906 2291 962 2337 seu
980 2267 1185 2347 deficiebant,
1202 2280 1266 2344 qne
1285 2257 1332 2322 ad
1350 2254 1414 2320 vti-

273 2384 397 2449 litatem
415 2383 557 2466 ipsorum
575 2383 797 2450 Communium
817 2379 1027 2464 spectabant,
1048 2390 1187 2439 necnon
1205 2378 1237 2435 et
1265 2362 1415 2448 singula-

273 2511 342 2556 rnm
360 2509 590 2575 personarum:
608 2491 729 2557 idcirco
740 2509 797 2573 pro
809 2483 1054 2552 euidentissima
1071 2479 1213 2546 vtilitate
1233 2471 1416 2539 cuiuslibet

275 2596 496 2663 Communium
512 2597 733 2682 prefatorum,
760 2616 800 2661 ne
816 2595 927 2676 aliqua
955 2589 1096 2656 scintilla
1126 2581 1274 2652 scandali
1299 2599 1344 2644 cx
1361 2576 1412 2640 ob·

276 2705 431 2772 scuritate
447 2707 561 2790 aliqua
586 2705 742 2773 dictorum
760 2710 925 2789 pactorum
960 2699 1042 2765 inter
1068 2693 1199 2779 prefata
1217 2685 1412 2756 Communia

277 2812 424 2894 oriretur,
442 2823 472 2880 et
488 2823 522 2879 vt
538 2815 578 2880 de
594 2835 679 2880 nouo
710 2813 905 2880 aducniatur·
922 2806 1077 2874 viavtilis
1089 2797 1320 2868 Communibus
1333 2810 1408 2879 pre-

277 2919 373 2986 dictis
385 2927 417 2986 et
432 2921 653 3004 singularibus
669 2918 872 3001 eorumdem,
901 2921 1071 3000 propterea
1086 2908 1207 2976 nobilis
1234 2905 1284 2971 uir
1309 2897 1416 2967 domi·

193 3039 196 3044 '
272 3019 337 3094 'nus
355 3029 523 3095 Crubessa
541 3028 686 3112 Badigne
704 3028 784 3093 ciuis
801 3025 1006 3112 Rugusimus‚
1023 3018 1175 3086 sindicus
1197 3020 1229 3080 ct
1256 3026 1407 3096 procura·

276 3144 364 3202 rator
395 3137 512 3202 nobilis
539 3135 600 3200 viri
627 3135 748 3202 domini
776 3133 904 3198 Andros
940 3127 1111 3208 Dandalo,
1146 3123 1214 3188 uati
1244 3115 1408 3201 quondam

279 3245 365 3308 clarc
377 3243 529 3309 memorie
553 3243 673 3308 domini
696 3240 857 3306 lobannis
872 3236 1018 3306 Dandali
1034 3230 1176 3299 Illustris
1193 3227 1297 3293 Ducis
1309 3221 1412 3286 Vene-

277 3358 392 3435 torum,
411 3351 543 3416 Comitis
559 3349 707 3415 Ciuitatis
723 3349 871 3432 Ragusii,
884 3355 916 3411 ct
931 3347 951 3410 J
955 3344 1082 3408 udicum
1101 3347 1132 3405 ct
1144 3333 1411 3404 Consiliariorum

279 3457 428 3522 Ciuitatis
446 3455 600 3540 eiusdem,
620 3464 651 3522 ct
668 3455 769 3540 ipsius
781 3451 937 3539 Ciuitatis,
954 3452 996 3516 ad
1013 3447 1218 3515 tractandum
1236 3449 1269 3508 et
1285 3455 1411 3520 compo·

280 3563 421 3627 neudum
433 3571 464 3626 et
475 3562 666 3628 tirrnandum
677 3570 775 3645 pacta
786 3569 817 3626 et
828 3560 1061 3627 connenciones
1074 3576 1145 3620 cunr
1159 3548 1331 3619 Communi
1348 3549 1410 3610 un·

280 3687 360 3734 cone
384 3667 569 3751 specialiter
584 3669 777 3734 constitutus
790 3689 829 3734 ex
856 3671 1041 3749 unapart03
1058 3670 1089 3728 ct
1106 3659 1226 3727 nobilis
1242 3658 1293 3722 vir
1310 3650 1409 3719 domi-

281 3795 341 3840 nns
358 3774 546 3840 Dominicus
571 3776 691 3840 Prandi
716 3775 867 3840 Sindicus
895 3781 926 3839 et
952 3778 1144 3855 procurator
1161 3765 1283 3834 nobilis
1301 3758 1411 3827 militis

283 3881 406 3946 domini
422 3880 589 3963 Thomasij
608 3881 649 3947 de
666 3883 810 3948 chzola
826 3879 1003 3947 Potestntis
1021 3880 1156 3943 Ancona
1176 3881 1207 3939 ct
1223 3864 1412 3938 Communis

282 3990 386 4072 ipsius
404 3986 566 4070 Ciuitatis,
585 3987 627 4050 ad
645 3985 731 4051 dicta
748 3995 845 4069 pacta
870 3985 1043 4050 tractanda
1074 3979 1301 4066 componenda
1318 3969 1351 4041 et
1367 3973 1412 4039 sn·

286 4094 406 4162 manda
417 4095 619 4178 constitutos,
630 4113 670 4158 ex
686 4092 801 4174 altera,
820 4091 860 4156 ad
874 4093 1082 4174 infrascripta
1092 4095 1190 4173 pacta
1207 4093 1239 4153 et
1256 4081 1412 4152 condicio·

282 4224 340 4269 nes
356 4211 389 4268 et
405 4201 528 4284 modos,
555 4199 693 4266 inuicem
711 4207 742 4264 ct
759 4205 872 4280 sponte
897 4205 929 4262 ct
945 4199 1082 4263 scicntcr
1108 4197 1350 4278 peruenerunt,
1369 4187 1408 4255 vi-

283 4309 413 4376 delicet.
707 4311 709 4316 '

398 4407 982 4498 (Azanconaiakrdszerdl.)

394 4520 513 4605 Pn'mo,
530 4520 616 4604 quod
631 4539 741 4584 omncs
769 4526 799 4584 et
817 4516 940 4599 singuli
956 4517 1127 4600 Ragusini,
1144 4515 1216 4581 sani
1235 4516 1411 4584 et'naufra·

292 4651 346 4717 gy,
364 4628 449 4710 qnod
467 4629 556 4694 Deus
586 4633 724 4710 auertat,
748 4623 873 4708 possint
899 4628 930 4688 ct
947 4623 1077 4688 valcant
1094 4624 1215 4707 venire,
1233 4631 1332 4708 stare,
1351 4643 1411 4686 mo·
