3124 5194
556 347 717 480 pr„

67 567 277 658 memoriam,
297 569 403 647 solent
418 573 599 661 patrocinio
616 573 794 642 litterarum
811 575 1023 662 communire
1048 575 1127 663 qnia
1151 557 1200 646 in·

61 687 237 763 surgerent
254 682 344 769 lites,
362 690 393 750 et
409 690 559 766 regnaret
575 685 713 750 materia
730 684 917 772 jurgiorum,
935 687 998 755 nisi
1016 707 1063 772 ea,
1088 708 1150 774 que
1178 710 1200 755 a

60 788 151 856 uobis
168 790 414 876 condonantur,
430 809 489 876 per
504 797 648 858 eternam
665 790 775 880 scripti
801 795 991 862 memoriam
1018 797 1199 882 reciperent

59 897 266 966 tinnitatem.
293 897 433 966 Proinde
459 898 502 964 ad
527 897 753 968 uniuersorum
778 906 843 968 tam
869 903 1073 987 presencium
1100 923 1197 988 quam

62 1007 249 1073 futurorum
279 1006 433 1074 noticiam
458 1005 572 1073 harum
604 1007 689 1074 serie
714 1007 863 1076 volumus
889 1011 1079 1096 peruenire:
1109 1012 1196 1098 quod

57 1115 222 1198 Magister
240 1113 413 1200 Georgius,
428 1113 544 1181 Petrus
562 1119 593 1180 et
609 1114 802 1200 Stephanus,
827 1117 885 1202 filij
912 1117 1044 1186 domino
1068 1121 1196 1206 Menae,

58 1219 195 1288 nutricis
213 1219 356 1286 condam
372 1219 520 1290 Ladizlai
536 1219 641 1288 inoliti
656 1222 754 1307 Regis
770 1223 935 1310 Vngario,
967 1229 1122 1312 patruelis
1138 1237 1198 1297 set·

57 1329 131 1394 lieet
147 1329 327 1397 karissimi
344 1329 501 1396 consortis
517 1328 629 1416 nostri,
645 1329 687 1396 ad
704 1339 850 1398 nostram
860 1333 1052 1402 accedentes
1062 1357 1194 1423 presen-

61 1437 156 1526 eiam,
172 1437 280 1506 nobis
296 1437 463 1506 insinuare
493 1445 665 1522 curarunt,
690 1437 776 1522 quod
793 1438 870 1505 dnm
901 1441 1051 1511 dominns
1067 1444 1147 1512 Bela
1162 1453 1196 1514 et

59 1543 269 1630 Stephanus,
285 1545 433 1613 Illustres
458 1545 563 1630 Reges
583 1545 747 1631 Vngarie,
780 1553 813 1614 et
839 1557 1004 1617 consortes
1020 1553 1195 1620 eorundem

60 1651 191 1738 piarum
218 1652 488 1720 recordacionum
499 1703 510 1738 ,
536 1672 594 1738 pro
610 1653 761 1721 fidelihus
786 1657 952 1742 olrsequijs
979 1657 1122 1728 eiusdem
1139 1659 1194 1728 do·

58 1759 142 1824 mine
159 1759 325 1846 nutricis,
351 1781 414 1844 que
439 1759 604 1827 dominam
629 1761 765 1828 Mariam
793 1763 894 1830 filiam
920 1765 1067 1833 eiusdem
1092 1769 1193 1853 Regis

58 1866 233 1954 Stephani,
255 1875 437 1935 consortem
454 1889 539 1934 nunc
555 1867 669 1936 Karoli
689 1869 827 1937 illustris
837 1871 937 1954 Regis
952 1872 1075 1961 Sicilie,
1091 1881 1124 1940 et
1133 1898 1192 1962 per

59 1995 270 2061 consequens
285 1975 474 2044 Ladizlaum
492 1975 644 2042 Inclitum
660 1979 781 2062 Regem
802 1978 964 2066 Vngarie,
991 1985 1122 2068 proprio
1147 1985 1193 2052 la-

59 2083 161 2149 ctauit
178 2085 295 2168 rbere,
312 2104 376 2151 non
393 2083 465 2150 sinc
481 2083 531 2149 sui
548 2084 658 2168 magni
675 2083 795 2151 laboris
811 2083 1014 2174 detrimento,
1031 2089 1191 2174 quasdam

59 2189 155 2258 villas
172 2190 384 2278 Felnempty,
402 2191 646 2277 Kozepnempty
662 2195 694 2258 et
714 2190 889 2279 Oinempty
907 2201 1039 2262 vocatas
1054 2196 1192 2288 Regina·

59 2297 117 2386 les,
132 2301 166 2366 in
186 2300 354 2368 Comitatn
372 2299 413 2366 de
428 2300 501 2366 Aba
516 2299 640 2385 Wyuar
666 2300 862 2384 existentes,
878 2299 921 2366 ad
938 2299 1133 2370 comitatum
1150 2307 1192 2373 de

64 2407 175 2491 Wysol
193 2407 408 2494 pertinentes,
430 2416 670 2475 commetaneas
687 2407 831 2494 predicto
847 2416 953 2478 castro
969 2411 1011 2478 de
1026 2412 1100 2480 Aba
1116 2415 1191 2498 Wy·

65 2535 131 2601 nar,
148 2517 264 2584 eidem
289 2517 418 2585 domine
434 2519 550 2583 Menne
566 2514 682 2582 nutrici
707 2515 810 2601 ipsius
826 2519 924 2608 Regis
950 2517 1098 2588 Ladizlai
1115 2541 1189 2589 eon·
1212 2599 1215 2605 .

65 2622 231 2711 tulissent,
247 2630 279 2692 et
296 2645 394 2711 super
410 2623 530 2691 eisdem
550 2621 639 2689 villis
664 2630 696 2689 et
720 2624 983 2708 possessionibus
1006 2628 1120 2694 valida
1146 2631 1191 2695 in-

1 2744 2 2754 *
63 2733 247 2798 strumenta
262 2733 352 2817 Rele,
369 2729 527 2815 Stephani
545 2737 578 2796 et
587 2729 746 2816 Ladinlai,
763 2729 1048 2800 Serenissimorum
1065 2737 1189 2820 Regum

1 2921 2 2926 ἵ
51 2833 219 2922 ¹lingarie,
236 2857 277 2903 ac
292 2837 466 2924 priuilegia
487 2837 617 2904 dominc
632 2835 735 2902 Mario
762 2839 921 2905 consortis
936 2839 1036 2924 Regis
1051 2841 1140 2927 Bele,
1158 2851 1190 2909 ct

64 2942 190 3013 dominc
207 2945 390 3032 Elyaahoth
405 2945 519 3012 relicte
534 2943 632 3028 Regis
658 2944 828 3030 Stephani,
847 2952 881 3012 et
897 2945 1032 3014 domine
1048 2949 1189 3018 Isahellc

64 3057 223 3122 consortis
240 3054 389 3122 similiter·
404 3052 504 3138 Regis
521 3050 684 3136 Ladizlai,
710 3050 919 3136 habuissent;
945 3057 977 3116 et
993 3052 1107 3142 eadem
1124 3055 1189 3140 pri·

64 3161 182 3246 uilegia
200 3181 259 3229 seu
285 3163 501 3228 instrumenta
516 3160 549 3225 in
567 3157 706 3225 eeclesia
721 3157 869 3224 Rrutrmn
885 3155 1127 3227 Prcdieatormn
1147 3161 1188 3228 do

1 3249 2 3266 ¹
65 3265 169 3334 Patok
186 3289 249 3354 per
263 3271 418 3334 Tartarus
443 3265 584 3333 tuissent
602 3271 812 3332 concremata
821 3316 830 3351 ,
858 3271 890 3330 et
913 3265 1000 3332 hona
1016 3285 1127 3334 eornm
1143 3269 1187 3334 ad

66 3375 209 3444 valorem
226 3377 476 3461 quingentarum
494 3393 673 3440 marearum
700 3371 813 3439 ablata
830 3373 1029 3456 extitissent,
1047 3381 1080 3441 et
1094 3374 1187 3442 Jaeo·

1 3499 2 3544 r
65 3480 136 3549 hum
151 3483 337 3552 Plehanum
353 3481 393 3550 de
408 3481 515 3548 Patok
526 3481 658 3547 tratrem
669 3479 822 3568 ipsorum,
839 3480 940 3546 filium
956 3481 1042 3547 diotc
1057 3480 1188 3552 domino

64 3593 204 3677 nutricis,
221 3598 483 3662 conseruatorem
503 3590 662 3656 dictorum
679 3589 961 3656 instrumentorum
979 3589 1081 3674 ijdem
1107 3591 1186 3659 Tar-

2 3757 3 3792 ,
63 3703 121 3765 tari
137 3701 171 3769 in
189 3720 299 3768 eorum
324 3699 516 3786 captiuitate
541 3695 775 3781 abduxissent3
803 3695 939 3783 petendo
964 3697 1095 3765 anobis
1112 3719 1185 3765 eum

1 3821 2 3828 ¹
65 3807 234 3897 instancia,
251 3815 286 3876 ut
310 3829 370 3874 nos
395 3806 590 3875 collaciones
616 3805 773 3874 dictorum
798 3807 923 3890 Regum
940 3810 972 3871 et
986 3807 1185 3891 Reginorum

1 3909 2 3912 '
63 3917 234 3988 illustrium
244 3916 414 4002 ratificare,
429 3915 596 4002 innouare,
614 3922 646 3982 et
660 3921 770 3982 nostro
782 3913 989 3999 dignaremur
999 3914 1186 4000 priuilergio

1 4011 2 4076 l
65 4026 213 4110 Reginali
238 4027 359 4113 pietate
375 4029 408 4090 et
423 4021 668 4106 magnificencia
693 4023 896 4090 confirmare.
911 4020 1005 4089 Vnde
1021 4020 1096 4105 quia
1111 4040 1184 4088 eon·

67 4135 141 4202 stitit
164 4133 260 4204 nobis
278 4145 366 4201 eerto
382 4131 506 4198 cercius
521 4149 580 4215 per
598 4127 776 4195 veridicam
787 4127 979 4194 relacionem
1005 4127 1175 4194 venerabi·

1 4253 2 4318 g
64 4241 134 4310 lium
150 4250 280 4330 patrum
296 4238 479 4323 Lodomerij
497 4237 557 4304 Dei
575 4237 689 4322 gracia
714 4233 960 4320 archiepiscopi
985 4231 1183 4317 Strigonien-

67 4352 115 4433 sis,
129 4351 258 4426 Andree
274 4370 333 4436 per
349 4347 484 4416 eandem
504 4345 656 4430 Episcopi
672 4341 839 4426 Agriensis
855 4339 1050 4426 Diocesani,
1077 4339 1180 4422 Magi-

66 4456 118 4521 stri
145 4457 307 4524 'l'heodori
332 4454 491 4541 Propositi
508 4453 672 4536 Albensis,
694 4449 861 4515 karissimi
889 4446 1047 4514 consortis
1079 4449 1180 4514 nostri

69 4562 139 4634 Viec
153 4564 360 4650 (lancellarij,
371 4583 410 4632 ao
419 4565 569 4630 Fratrum
589 4559 829 4626 Prcdieatorum
844 4562 877 4622 et
893 4556 1051 4623 Minorem
1069 4556 1109 4622 do
1121 4557 1180 4621 Pa·

69 4672 130 4777 tolr,
144 4673 178 4741 in
193 4674 295 4743 nostri
306 4669 479 4773 presencia
488 4667 709 4744 existeneium,
718 4666 793 4762 ipsa
801 4664 974 4762 priuilegia
988 4683 1046 4739 seu
1062 4662 1181 4743 instru-
