3124 5194
591 876 668 948 147.

72 1056 180 1124 duodo
199 1058 374 1124 nddornak
404 1059 595 1139 u'ttlctlcoele,
620 1059 702 1142 nuely
721 1057 804 1124 ciltal
822 1055 921 1125 Tibur
936 1077 1034 1124 comeo
1066 1057 1193 1146 Visuyd

71 1166 257 1252 lelyudqaolc,
274 1164 399 1231 Remus
414 1165 663 1248 adderaalofioi
688 1167 771 1231 dltal
795 1165 872 1230 nelei
897 1164 1074 1252 citaapedett
1088 1164 1184 1232 hirto·

354 1272 462 1338 kddaa
486 1273 745 1358 mapa-ostuocik.
764 1273 860 1339 1296.

163 1465 283 1534 Datum
299 1467 533 1552 prememoria,
545 1467 632 1551 quod
649 1487 721 1534 com
737 1467 830 1534 iuxta
845 1467 1086 1536 continenciam
1095 1467 1181 1552 prio·

13 1661 14 1664 Ἴ
69 1593 130 1640 mou
144 1573 323 1642 litterarum
340 1584 523 1642 nostrarum
550 1575 665 1642 Comes
690 1575 872 1659 Tyburcius
897 1573 938 1642 de
953 1575 1041 1643 Kcer
1055 1593 1113 1661 pro
1129 1573 1183 1642 lo·

70 1680 168 1748 lanne
182 1681 269 1747 dicto
285 1681 506 1748 Kochwrfilio
520 1681 650 1747 Nicolai
666 1681 768 1748 fratre
784 1701 842 1748 sno
858 1681 961 1766 primo
978 1681 1182 1766 contraRcy·

13 1779 15 1854 ἶ
70 1787 188 1854 uoldum
202 1788 402 1874 Palatinum,
413 1793 446 1853 et
455 1787 660 1874 postmodum
683 1793 796 1854 contra
811 1789 940 1854 Petrum
956 1793 988 1854 et
1002 1782 1080 1855 Jul'a
1099 1788 1183 1856 lilios
1294 1795 1296 1800 '

13 1883 14 1972 ᾖ
72 1895 200 1962 eiusdem
211 1895 359 1961 Palatini
369 1903 495 1963 mortuo
512 1903 604 1981 patre
620 1915 730 1960 eorum
747 1915 844 1979 super
859 1893 998 1980 quadam
1016 1901 1103 1963 terra
1113 1895 1184 1965 Vis·

71 2000 253 2089 niosocata,
270 2004 544 2090 quampredictus
553 2004 726 2072 Palatinus
737 2013 913 2071 memorato
933 2005 1075 2072 iohanni
1090 2004 1192 2072 titulo·

72 2109 236 2193 concambij
264 2111 429 2177 mediante
455 2109 629 2195 priuilegio
655 2109 775 2175 domini
799 2109 949 2176 Ladizlai
966 2111 1065 2194 Regis
1080 2110 1185 2178 incliti

13 2225 14 2230 ’
72 2215 249 2304 contulerat,
266 2217 485 2284 coramnobis
496 2225 604 2282 tamen
616 2213 750 2300 dyucius
761 2217 960 2302 ventilasset,
978 2218 1020 2282 ad
1037 2221 1185 2286 ultimum
1281 2249 1286 2260 ¹

13 2393 14 2418 ἒ
72 2339 121 2406 per
133 2323 270 2390 formam
284 2323 506 2409 judiciariam,
516 2323 645 2390 sicutin
663 2322 781 2390 litteris
797 2325 915 2390 nostris
931 2326 1184 2414 memorialibus,

74 2427 198 2514 Capituli
213 2431 386 2515 Agriensis
404 2429 634 2498 etOonuentns
650 2429 691 2495 de
707 2431 821 2497 lanow
836 2449 936 2515 super
951 2431 1013 2497 hoc
1029 2433 1190 2502 conlectis-

13 2529 15 2590 ἐ
73 2535 153 2602 uobis
167 2539 366 2622 presentatio
390 2535 531 2604 vidimus
561 2537 739 2620 contineri,
771 2535 908 2602 eandem
923 2543 1042 2603 terram
1059 2537 1184 2625 Visnyo

13 2633 15 2712 ἰ
75 2659 135 2707 cum
149 2643 353 2728 plenitudine
369 2644 419 2712 eui
430 2644 515 2729 juris
531 2641 689 2708 dederuut
705 2650 738 2708 et
752 2645 959 2710 contulerunt
975 2643 1067 2711 iuxta
1083 2648 1185 2714 conti·

13 2773 15 2824 ς
74 2750 207 2818 conciam
224 2751 388 2836 priuilegij
407 2749 544 2835 predicti
553 2747 677 2816 domini
686 2749 785 2831 Regis
801 2749 866 2816 iam
883 2750 970 2815 dicto
987 2750 1102 2818 Comitl
1119 2753 1184 2838 Ty-

73 2854 168 2924 burcio
182 2857 324 2944 predicti
339 2859 396 2944 filij
415 2855 574 2941 Ileynoldi
591 2857 663 2921 iure
687 2862 844 2941 perpetuo
870 2864 902 2922 et
926 2857 1185 2927 irrcuocabiliter

13 2973 16 3042 ³,
73 2965 301 3046 possidendam.
320 2967 363 3032 Et
377 2965 454 3048 quia
469 2985 527 3050 per
544 2963 675 3030 Petrum
691 2961 793 3027 filium
809 2962 959 3046 Magistri
974 2964 1128 3051 Petenye,
1144 2983 1187 3031 ne

13 3053 15 3088 r
74 3071 204 3150 predicto
221 3071 341 3139 Gonuiti
365 3071 529 3158 Tyburcio
555 3067 669 3135 eadem
686 3075 778 3134 terra
793 3073 1007 3155 statueretur,
1026 3071 1187 3137 contradi·

13 3161 14 3240 ἶ
73 3176 208 3265 cubator,
225 3181 333 3266 primo
350 3199 408 3265 per
433 3177 594 3244 officiales
619 3196 696 3243 euos
706 3227 716 3263 ,
733 3195 866 3258 quornm
885 3176 1018 3243 nomina
1034 3187 1067 3246 et
1082 3199 1185 3248 asser·

13 3309 14 3346 1
74 3281 169 3351 ciones
183 3285 218 3352 in
234 3285 354 3352 litteris
381 3283 623 3352 memorialibus
650 3281 794 3368 Capituli
822 3283 1036 3372 continentur,
1052 3293 1085 3350 et
1099 3295 1186 3372 post·

13 3393 14 3422 ³
73 3392 190 3459 modum
205 3396 438 3479 perseipsum
454 3411 564 3459 coram
580 3390 675 3457 nobis
693 3393 910 3474 personaliter
934 3403 1186 3485 comparentem,

13 3459 15 3570 l
73 3499 196 3568 relatum
214 3501 323 3568 extitit
354 3509 388 3568 et
402 3499 647 3566 sentencialiter
663 3498 861 3584 diffinitum,
894 3499 979 3583 quod
1004 3501 1184 3585 predictam

13 3647 14 3656 2
73 3609 179 3673 terram
194 3608 321 3692 Visnyo
337 3627 396 3693 per
410 3606 527 3672 filios
518 3605 679 3672 iamdicti
705 3607 849 3673 Palatini
874 3607 1040 3692 sepedicto
1067 3607 1186 3677 Comiti

13 3783 15 3808 ξ
74 3709 258 3796 l'pburcio
249 3733 319 3779 rure
344 3719 500 3799 perpetuo
515 3711 650 3797 pacifice
675 3714 821 3778 totaliter
845 3713 1018 3796 possidere
1041 3716 1189 3800 permisit
1215 3697 1219 3706 ⁸

13 3849 14 3868 2
74 3819 328 3886 concernendam.
345 3820 465 3886 Datum
481 3820 515 3885 in
541 3818 669 3886 Gwneh
695 3819 729 3884 in
746 3818 871 3886 octonis
887 3821 1079 3888 Natiuitatis
1095 3821 1188 3890 Beati

75 3923 220 3996 lobannis
245 3927 394 4014 Baptiete
418 3945 507 3991 anno
535 3924 668 3992 Domini
693 3924 865 3992 millesimo
890 3925 960 3994 00⁰
974 3929 1187 4010 nonagesimo

48 4042 164 4103 sento.

75 4194 157 4258 (Garat
169 4200 268 4252 llilrlde
281 4198 418 4252 naidornalr
435 4199 547 4250 leod-ki
570 4193 797 4261 iteletlovoldbdh
814 4213 832 4250 a
843 4197 927 4250 budal
939 4197 993 4252 lrir.
1006 4196 1130 4246 kamarai
1149 4195 1198 4248 le*

541 4285 703 4354 vdltdrbsn.)

522 4557 733 4571 m
