3180 5202
365 1105 479 1174 latoria
494 1129 590 1174 comcs
606 1109 824 1196 olorszdpht'ro
843 1108 977 1176 Tulmcta
1003 1113 1035 1176 ts
1060 1107 1171 1174 lonico
1198 1108 1357 1193 helysigelc
1382 1105 1498 1171 histol-

364 1216 571 1302 cisaoayaira
585 1217 763 1282 oonatkozti
776 1217 951 1284 ittletlccelc
968 1217 1066 1283 Mar-lc
1082 1216 1287 1302 Lampertnek
1306 1215 1360 1299 fio
1384 1237 1412 1279 es
1434 1215 1496 1282 Jd·

588 1344 644 1388 aos
659 1333 769 1390 caster
786 1323 1060 1408 Zodoachnalcflo
1075 1323 1154 1390 leat.
1172 1325 1269 1388 1300.

472 1511 571 1603 (N)os
588 1516 905 1605 (lomesStepbauus
921 1519 1101 1610 Vicejudex
1126 1515 1222 1587 curie
1246 1517 1374 1586 domini
1395 1520 1496 1603 Regis

366 1623 519 1691 memorie
534 1627 798 1696 commendantes
813 1628 1033 1714 significamus
1043 1627 1204 1696 rniuersis
1221 1627 1340 1711 quibus
1356 1625 1496 1712 expedit,

364 1729 539 1812 quodcum
564 1733 660 1800 Marlx
684 1735 773 1804 tilius
798 1737 964 1823 Lamperti
988 1739 1023 1803 in
1048 1734 1200 1804 vndecin
1221 1733 1357 1819 judicijs
1382 1741 1495 1800 contra

364 1836 557 1922 Magistrum
572 1840 757 1910 Johannem
772 1843 874 1911 lilium
889 1843 1042 1912 Zodouob
1058 1845 1151 1910 iuxta
1161 1843 1296 1910 formam
1306 1843 1490 1908 litterarum

365 1949 547 2011 nostrarum
557 1946 765 2030 judicialium
781 1958 814 2019 et
830 1950 971 2018 aliorum
995 1951 1149 2019 iudicum
1175 1950 1344 2017 conuictus
1368 1948 1494 2030 luisset,

364 2057 397 2116 et
413 2053 543 2120 racione
558 2054 703 2139 ipsorum
714 2055 911 2141 judiciorum
928 2067 961 2126 et
977 2059 1065 2126 lacta
1092 2055 1179 2147 (lgy)
1205 2056 1383 2144 principali
1407 2053 1491 2120 idem

364 2157 520 2242 Magister
550 2161 716 2232 lohannes
747 2165 851 2251 primo
876 2172 908 2234 et
933 2165 1158 2252 principaliter
1184 2165 1219 2232 in
1250 2163 1491 2249 possessionem

272 2254 276 2262 ’
365 2264 508 2332 eiusdem
524 2269 619 2337 hlark
643 2273 786 2339 Tulman
812 2281 960 2342 uocatam
988 2273 1147 2360 legittimo
1172 2270 1395 2356 transmissus,
1422 2267 1492 2353 ipsa

364 2371 470 2456 prima
487 2373 731 2447 introductione
747 2389 897 2466 presente
923 2381 1107 2450 testimonio
1134 2382 1319 2449 conuentus
1346 2374 1492 2444 Waradi-

363 2477 452 2544 ensis
468 2480 556 2548 lacta
571 2485 614 2550 ad
630 2487 765 2572 Regiam
781 2491 987 2558 Presenoiam
1004 2510 1061 2558 seu
1077 2495 1222 2557 nostram
1242 2507 1306 2552 non
1321 2487 1422 2568 venit,
1437 2504 1489 2550 ne·

364 2605 427 2668 que
443 2588 549 2674 misit;
583 2593 641 2660 sed
657 2594 771 2664 Comes
787 2599 939 2686 Rozhoyd
956 2597 1042 2666 filius
1059 2595 1236 2682 Lamperti,
1252 2593 1354 2660 frater
1380 2591 1489 2658 videli-

364 2701 414 2759 cet
431 2698 576 2766 eiusdem
592 2703 695 2788 hlark,
713 2704 827 2772 eodem
844 2709 1000 2791 Magistro
1017 2706 1166 2773 Jobanne
1183 2722 1292 2770 coram
1309 2699 1407 2766 nobis
1423 2717 1488 2783 per-

365 2804 522 2874 sonaliter
538 2821 745 2895 comparente
760 2815 982 2882 intorueniens
1000 2813 1148 2892 asseruit,
1165 2809 1253 2896 quod
1277 2807 1488 2876 introductio

365 2928 439 2976 nem
456 2917 669 2998 possessionis
686 2921 825 2988 Tulman
842 2924 970 2989 nominc
987 2923 1149 3008 porcionis
1175 2919 1320 2986 eiusdem
1345 2915 1488 3004 probibe-

363 3025 422 3104 ret,
440 3025 519 3090 etin
537 3027 639 3092 nostri
654 3031 824 3112 presencia
841 3031 1059 3118 prohibuerat,
1077 3050 1115 3095 eo
1131 3028 1217 3112 quod
1232 3025 1318 3092 idem
1347 3025 1441 3091 hlark
1455 3025 1488 3090 iu

362 3125 435 3212 ipsa
451 3135 657 3213 possessione
673 3137 813 3204 'I'ulman
829 3140 952 3206 nullam
968 3139 1103 3204 baberet
1119 3136 1311 3222 porcionem,
1330 3133 1390 3201 scd
1406 3141 1487 3200 esset

363 3253 432 3320 sua,
458 3257 517 3322 per
543 3240 670 3306 modum
697 3243 865 3314 diuisiom‘s
891 3245 1108 3313 mediantibus
1137 3243 1255 3309 litteris
1280 3240 1427 3328 Capituli
1451 3239 1488 3305 de
1560 3305 1563 3310 .

362 3343 491 3426 Posoga
506 3345 550 3410 ael
566 3347 673 3433 ipsum
690 3350 850 3438 deuoluta,
867 3351 1116 3438 assumpmemlo
1134 3351 1348 3437 personaliter
1363 3348 1486 3414 litteras

363 3451 503 3538 Capituli
519 3454 560 3520 de
576 3457 705 3540 Posoga
722 3479 819 3541 super
835 3459 922 3526 sacto
938 3461 1041 3545 ipsius
1057 3458 1228 3524 diuisionis
1243 3457 1326 3522 inter
1343 3474 1401 3520 eos
1418 3473 1485 3540 pro·

362 3579 473 3627 cessas
490 3564 651 3630 exhibere.
670 3564 732 3641 Qui
749 3568 782 3632 in
799 3567 937 3634 termino
963 3575 1141 3653 assumpto,
1167 3573 1200 3631 et
1225 3562 1432 3649 postmodum
1457 3561 1486 3626 lu

362 3669 439 3751 aliJs
455 3671 609 3759 terminis,
628 3673 830 3756 presentibus
855 3675 1048 3759 testimonijs
1073 3670 1434 3756 Quinqueeoolesiensis
1458 3675 1486 3734 et

363 3777 538 3846 Bonnensis
556 3779 775 3866 Capitulorum
800 3803 857 3867 per
882 3769 1073 3866 Magistrum
1098 3781 1298 3868 Stephanum
1324 3777 1367 3842 ‹le
1401 3777 1485 3844 Gara

361 3883 523 3950 hominem
540 3885 660 3950 domini
676 3889 775 3972 Regis
793 3890 891 3956 uerbo
909 3889 1011 3974 Regio
1027 3893 1162 3954 uocatus
1179 3887 1222 3953 ad
1246 3886 1385 3970 Regiam
1411 3887 1484 3952 Pre·

361 3989 514 4075 senciam,
532 4011 590 4058 sen
607 4002 760 4082 nostram,
786 4002 940 4078 tauquam
969 3993 1166 4080 Vicejmllcis
1194 3992 1290 4061 Ourie
1315 3993 1420 4076 Regie
1446 3991 1485 4057 ad

362 4097 577 4164 exhibendum
595 4101 685 4187 ipses
702 4101 825 4170 litteras
842 4124 906 4171 non
925 4105 1021 4189 venit,
1039 4124 1098 4171 nec
1124 4103 1228 4186 misit;
1254 4108 1286 4169 et
1301 4102 1342 4167 ob
1369 4101 1428 4166 hoc
1454 4103 1484 4165 in

362 4206 565 4274 exhibicione
584 4209 725 4293 ipsarum
742 4211 922 4278 litterarum
940 4214 1107 4279 conuictus
1135 4210 1241 4277 extitit
1266 4209 1381 4276 comes
1406 4209 1483 4272 Roa-

358 4312 467 4398 boyod
483 4315 698 4400 supradictus.
715 4319 756 4383 Et
772 4317 850 4402 quia
866 4317 952 4385 idem
968 4319 1062 4385 Mark
1079 4320 1169 4386 facta
1195 4315 1301 4402 prima
1325 4315 1484 4381 introduc·

360 4418 451 4484 cione
468 4421 512 4486 ad
528 4423 665 4506 Regiam
680 4425 886 4492 Prosenclam
918 4427 1028 4494 uenire
1053 4425 1218 4513 neglexit,
1244 4425 1327 4491 sicut
1351 4421 1481 4512 p'remls-
1538 4453 1541 4458 ·

352 4547 429 4594 sum
447 4536 504 4614 est,
524 4535 557 4596 et
573 4530 678 4600 dictus
694 4531 807 4600 Comes
823 4535 977 4621 Rozboyd
993 4536 1027 4601 in
1044 4534 1247 4602 exhibicione
1263 4533 1408 4618 ipsarum
1433 4529 1482 4594 lit-

358 4643 501 4700 terarum
518 4639 683 4707 conuictus
700 4643 825 4719 extitit3
842 4662 901 4726 pro
927 4663 965 4710 eo
991 4643 1077 4710 idem
1102 4643 1259 4728 Magister
1283 4644 1318 4709 in
1344 4637 1479 4706 eandem
