3132 5192
294 569 550 658 meridionalem,
567 572 780 656 peruenitque
795 571 839 637 ad
855 573 1003 638 arborem
1019 569 1106 637 ilieis
1123 563 1196 636 enni
1212 575 1299 635 meta
1315 567 1417 634 terrea

294 677 477 763 onmnlata3
494 674 573 744 inde
588 697 664 744 uero
680 697 795 745 uersus
810 685 937 763 partem
953 676 1202 744 meridionalem
1218 675 1326 741 eundo
1351 694 1420 760 per·

294 786 384 853 uenit
406 786 450 852 ad
477 787 624 854 arborem
660 785 744 852 ilieis
778 806 851 852 oum
887 793 975 852 meta
1008 793 1115 853 terrea
1140 785 1307 850 cumulata
1330 783 1422 848 iuxta

293 916 447 981 magnam
471 895 558 961 viam
583 893 626 960 ab
651 895 840 980 oeoidente5
873 893 906 960 in
932 895 988 961 via
1011 900 1120 962 antem
1146 889 1295 978 prodicta
1329 891 1422 958 uadit

295 1024 409 1072 uersus
418 1001 595 1086 meridiem,
612 1008 645 1068 et
660 1002 807 1088 pemenit
822 1003 865 1070 ad
881 1006 1030 1071 arborem
1048 1003 1120 1088 pyri
1130 1021 1226 1068 ornae
1242 1001 1423 1084 signatam:

295 1112 413 1179 abhine
429 1109 537 1178 adhue
551 1129 667 1177 uersus
684 1117 810 1200 partem
827 1111 1074 1177 meridionalem
1090 1110 1124 1176 in
1150 1109 1266 1176 eadem
1281 1110 1339 1174 via
1355 1127 1422 1193 per-

294 1215 399 1303 gendo
415 1226 492 1286 sunt
507 1218 570 1286 due
585 1225 680 1303 mete,
696 1239 763 1285 nna
787 1219 821 1284 in
848 1222 966 1286 arbore
982 1217 1067 1285 iliois
1083 1237 1105 1282 a
1119 1224 1213 1302 parte
1235 1217 1363 1284 soilioet
1378 1235 1425 1280 oo·

294 1325 462 1413 oidentali‚
478 1338 511 1392 et
527 1326 595 1392 alia
605 1335 713 1394 terrea
729 1347 750 1391 a
765 1333 859 1412 parte
875 1325 1028 1392 orientali
1042 1349 1050 1410 ς
1066 1325 1145 1391 item
1162 1324 1196 1390 in
1208 1324 1325 1391 eadem
1350 1343 1425 1389 uero

296 1433 351 1502 via
367 1451 479 1498 uersus
496 1431 663 1498 meridiem
676 1433 782 1499 eundo
792 1437 867 1500 sunt
880 1433 944 1499 dne
961 1439 1057 1516 mete,
1074 1451 1141 1497 nna
1157 1430 1283 1497 soilioet
1297 1450 1319 1495 a
1334 1437 1426 1515 parte

297 1538 494 1608 oaoidentali
509 1539 544 1605 in
560 1539 674 1606 arbore
701 1539 798 1626 ilicis,
826 1546 859 1606 et
873 1539 941 1607 alia
955 1561 977 1606 a
1001 1544 1095 1624 parte
1109 1537 1260 1605 orientali
1276 1545 1326 1603 est
1341 1544 1426 1602 meta

297 1658 404 1716 terrea
421 1672 429 1734 ;
456 1647 564 1714 adbua
579 1648 681 1715 eciam
707 1648 742 1714 in
774 1648 888 1716 eadem
904 1649 961 1714 via
976 1648 1089 1714 tendit
1104 1667 1219 1714 versus
1236 1643 1422 1726 meridiem;

299 1762 331 1822 et
355 1755 449 1820 iuxta
480 1751 616 1820 eandem
632 1755 720 1820 viam
737 1773 758 1819 a
773 1759 866 1842 parte
896 1755 1093 1822 ooeidentali
1124 1762 1176 1821 est
1207 1761 1296 1820 meta
1311 1760 1425 1836 terres,

298 1863 331 1927 in
349 1882 414 1946 qna
429 1867 504 1928 sunt
519 1861 582 1928 dne
607 1860 741 1928 arbores
755 1862 850 1947 pyri5
866 1861 943 1926 item
960 1862 1109 1928 similiter
1124 1863 1159 1929 in
1184 1863 1300 1929 eadem
1316 1859 1372 1924 via
1395 1864 1427 1922 et

300 1989 413 2035 uersus
439 1968 606 2035 meridiem
630 1969 747 2053 pergit,
764 1977 797 2036 et
812 1969 962 2054 peruenit
993 1969 1135 2036 adduas
1169 1975 1284 2055 metas,
1303 1988 1369 2032 nna
1383 1965 1425 2029 vi-

300 2075 419 2142 delicet
434 2097 456 2142 a
470 2080 564 2162 parte
580 2073 771 2143 occidentali
786 2076 820 2141 in
838 2078 954 2142 arbore
978 2075 1074 2163 ilicis,
1090 2099 1111 2142 a
1128 2083 1223 2162 parte
1238 2095 1316 2141 uero
1328 2071 1427 2140 orien-

300 2181 360 2248 tali
391 2189 440 2248 est
471 2187 559 2247 meta
574 2189 699 2264 terrea5
732 2182 851 2248 exinde
875 2183 1051 2249 reflectitur
1076 2201 1190 2249 uersus
1215 2179 1427 2262 ooeidantem,

301 2286 514 2374 peruenitquo
548 2287 592 2354 ad
618 2293 739 2354 metam
755 2295 905 2376 terream,
930 2289 964 2354 in
989 2295 1122 2372 quaest
1145 2290 1240 2355 arbor
1265 2288 1341 2372 pyri
1368 2294 1432 2352 ires

187 2421 190 2426 ·
301 2395 445 2478 grandes
460 2414 566 2462 ramos
582 2397 702 2480 abens;
718 2395 796 2462 item
811 2391 846 2462 in'
873 2395 986 2462 eadem
1010 2396 1065 2462 via
1090 2417 1205 2463 uersos
1231 2395 1430 2460 occidentem

301 2500 473 2586 tendendo,
500 2503 553 2568 ubi
578 2503 652 2587 ipsa
667 2503 724 2568 via
755 2503 898 2587 iungitur
913 2504 957 2570 ad
989 2504 1062 2570 vias
1085 2505 1254 2570 uenientes
1288 2504 1433 2569 deborra

301 2609 425 2676 Komar
440 2617 472 2674 el
498 2608 538 2675 de
558 2617 644 2676 terra
662 2612 823 2695 Vrbannk,
855 2621 930 2679 sunt
954 2611 1018 2678 dne
1049 2620 1142 2697 mete,
1175 2631 1242 2677 una
1257 2612 1292 2676 in
1318 2612 1434 2676 arbore

303 2716 400 2801 iliois,
416 2723 450 2782 et
458 2717 526 2782 alia
546 2725 670 2803 terrea;
688 2719 928 2786 exindeuersns
945 2719 1143 2786 occidentem
1160 2718 1268 2784 eundo
1286 2725 1336 2784 est
1351 2723 1434 2780 meta

303 2831 419 2908 terrea,
437 2823 471 2888 in
481 2845 545 2908 qua
562 2831 612 2892 est
622 2827 718 2892 arbor
727 2826 864 2912 oberasy
875 2855 884 2915 3
896 2827 1012 2894 exinde
1022 2827 1198 2893 reflectitur
1214 2844 1329 2890 uersus
1347 2822 1434 2907 aqui·

304 2933 420 3018 lonem,
437 2933 649 3017 peruenitqne
664 2933 706 2998 ad
722 2936 870 3001 arborem
900 2935 987 3001 iliois
1002 2955 1076 3000 oum
1101 2939 1189 2998 meta
1205 2940 1313 2999 terrea
1330 2950 1434 2999 enmu-

304 3039 393 3122 lata3
411 3038 517 3106 adbuc
532 3040 636 3106 eoiam
648 3039 690 3106 ad
706 3027 838 3124 plagam
855 3039 1039 3123 aquilonem
1051 3038 1217 3126 pergendo
1234 3037 1436 3124 peruenitad

282 3201 287 3213 ,
306 3154 424 3213 metam
436 3152 584 3234 terream,
594 3147 702 3232 inqua
712 3155 789 3214 sunt
800 3147 863 3214 due
878 3148 1009 3215 arbores
1025 3147 1137 3213 ilionm
1150 3167 1158 3228 ;
1170 3145 1288 3213 exinde
1298 3146 1434 3212 relleoli·

307 3261 359 3320 tur
374 3273 489 3320 uersus
506 3253 714 3336 oeoidentem‚
732 3261 765 3319 et
782 3255 929 3339 peruenit
943 3256 986 3321 ad
1004 3255 1087 3320 duaa
1112 3259 1226 3340 metas,
1254 3273 1321 3319 nna
1346 3253 1435 3319 soili-

307 3368 358 3427 oet
373 3361 406 3426 in
423 3361 537 3428 arbore
552 3362 670 3450 kerlry,
687 3368 719 3428 et
734 3361 802 3428 alia
817 3361 851 3428 in
867 3364 983 3428 arbore
998 3383 1082 3448 pyry
1099 3381 1195 3428 ornae
1219 3361 1415 3444 consignate
1429 3384 1436 3442 ς
1543 3385 1557 3436 ..³

306 3467 383 3532 inde
399 3487 478 3533 nero
494 3469 666 3536 redeolitur
680 3489 796 3536 uersus
812 3470 1013 3551 aquilonem,
1034 3470 1115 3534 etin
1140 3489 1207 3534 una
1222 3469 1312 3534 valle
1331 3468 1436 3533 eundo

308 3573 457 3658 peruenit
473 3572 516 3638 ad
532 3573 669 3658 primam
686 3582 805 3642 metam
823 3577 914 3642 iuxta
930 3573 1058 3642 domum
1074 3575 1205 3642 Luoaoh
1231 3575 1435 3656 existentem,

308 3689 341 3746 et
357 3679 401 3745 ibi
418 3680 558 3746 finaliter
574 3681 773 3750 terminatur.
792 3685 827 3749 ln
843 3683 935 3750 ouius
962 3683 1166 3750 bendioionis
1191 3681 1290 3748 robor
1315 3691 1348 3747 et
1375 3700 1436 3745 me·

310 3787 447 3854 moriam
464 3788 644 3872 pleniorem
660 3788 702 3856 ad
718 3791 895 3857 earundem
910 3791 1057 3875 parcium
1083 3789 1278 3856 instanciam
1305 3809 1437 3874 presen-

310 3904 358 3963 tes
374 3897 592 3962 eoncessimus
611 3897 737 3965 litteras
754 3898 858 3982 sigilli
873 3899 976 3966 nostri
993 3897 1173 3964 munimine
1196 3897 1436 3980 confirmantas,

309 4025 395 4070 anno
410 4005 541 4071 Domini
556 4003 673 4070 ΜὋΟ0
688 4007 902 4090 nonagesimo
920 4007 1031 4073 toreio.

310 4204 451 4269 (Eredetie
463 4199 638 4267 biirbdrlyaim
652 4202 710 4252 zbld
724 4201 950 4266 selyemasinbron
965 4201 1052 4268 silggii
1075 4199 1169 4268 penset
1192 4201 1280 4269 alatt;
1305 4217 1323 4251 a
1348 4201 1430 4252 budai

311 4293 499 4346 kinlnsmarai
522 4289 703 4345 levbltiirban.
727 4293 866 4357 Ugyanott
889 4290 1028 4343 taliltatilr
1052 4291 1143 4342 annak
1166 4307 1184 4341 a
1205 4285 1437 4342 szdlresiehdrriri

311 4381 499 4450 kiptalannak
515 4383 701 4446 mesquitam
721 4380 853 4431 kalendas
875 4381 985 4447 Aprilis
1000 4382 1115 4450 „nobilis
1137 4383 1179 4430 vir
1202 4380 1339 4442 Magister
1362 4380 1438 4428 Nico·

313 4473 372 4546 laps
397 4471 473 4521 lilius
498 4469 629 4534 Stephani
654 4467 706 4530 filij
733 4469 840 4520 Habold
866 4469 962 4520 Comes
988 4468 1177 4520 Zaladiorrsis“
1193 4465 1321 4519 ssimdra
1336 4465 1439 4522 lidsaillt

347 4557 448 4611 btirata
466 4555 634 4624 bb'rhbrtytn
654 4559 831 4610 rores-barna
844 4557 1074 4622 selyemssinbron
1090 4560 1176 4624 fligpd
1188 4556 1284 4623 penset
1300 4557 1391 4622 alsit.)

773 4701 982 4715 0-——2-1·
