3124 5194
827 265 981 360 ἐπεὶ.-

335 461 437 540 gistro
453 452 617 542 Cypriano
634 457 770 524 lectore
800 455 1029 540 Strigonieosi,
1055 463 1088 524 et
1111 451 1325 522 Folkomario
1350 449 1467 518 Sacer·

335 564 421 648 dote,
450 564 522 651 ipso
548 563 687 632 Nicolao
712 562 875 630 aurifabro
900 567 1039 648 astante,
1063 561 1311 648 presencialiter
1337 560 1373 626 iu
1398 559 1474 626 loeo

334 671 479 742 eiusdem
496 671 670 738 iuramenti
686 677 823 756 paratus
839 677 926 737 esset
949 670 1079 738 iurare:
1105 669 1174 735 Nos
1198 675 1309 734 tamen
1334 671 1472 752 propter

336 777 401 846 diei
418 779 581 847 dominice
606 778 881 864 sollempnitatem
907 780 1014 862 ipsum
1042 777 1258 845 iuramentum
1283 775 1329 842 ad
1355 773 1472 840 crasti-

335 908 412 953 num
428 887 515 954 diem
532 887 684 952 duximus
710 907 750 953 ex
781 893 891 952 nostro
907 883 1018 952 officio
1031 871 1296 970 prorogandum
1322 901 1388 966 quo
1414 879 1472 948 die

336 995 539 1080 postmodum
556 1013 665 1059 eoram
690 993 861 1060 Dominico
885 991 1063 1060 Sacerdote
1088 990 1271 1077 Capeliano
1294 996 1408 1058 nostro
1437 995 1473 1054 et

336 1079 466 1168 bomine
481 1102 525 1168 ad
541 1101 602 1167 boc
618 1103 805 1188 specialiter
820 1101 985 1187 deputato,
1001 1101 1035 1166 in
1049 1107 1161 1167 nostra
1178 1098 1320 1184 Capella
1347 1097 1475 1164 iurauit

337 1207 432 1275 modo
449 1216 482 1276 et
498 1209 612 1276 ordine
628 1210 836 1295 supradictis.
853 1209 990 1294 Propter
1005 1207 1091 1291 qnod
1116 1207 1222 1294 ipsum
1248 1228 1269 1273 a
1293 1207 1366 1273 iure
1394 1226 1470 1273 con·

336 1315 502 1381 duceionis
513 1323 545 1380 et
555 1315 731 1382 locaoionis
747 1315 837 1381 dicte
853 1321 938 1379 terre
955 1313 1159 1380 deereoimus
1169 1315 1285 1380 merito
1295 1313 1471 1396 cecidisse,

335 1428 367 1486 et
382 1421 410 1485 si
428 1419 506 1500 quid
521 1420 600 1486 ioris
616 1423 648 1485 in
666 1419 725 1486 boo
742 1421 893 1503 babebat,
912 1421 1018 1486 eciam
1034 1420 1193 1501 amisisse,
1210 1422 1301 1485 iuxta
1318 1426 1468 1486 tenorem

334 1527 564 1612 premissarnm
595 1528 829 1594 memorialinm
854 1529 1053 1606 litterarum,
1080 1528 1318 1595 continencinm
1352 1525 1467 1610 iudicij

334 1635 437 1700 nostri
452 1635 597 1700 formam.
615 1633 694 1700 Item
710 1637 866 1719 Magister
885 1637 1028 1702 Thomas
1048 1636 1238 1720 Prepositnn
1264 1633 1471 1718 Strigonien·

335 1745 382 1810 sis
398 1750 431 1807 et
445 1743 602 1825 Magister
615 1744 773 1828 Anyanus
788 1745 953 1830 Notarius,
970 1742 1101 1810 nomine
1116 1763 1177 1811 suo
1194 1749 1226 1810 et
1236 1742 1310 1809 vice
1320 1741 1468 1807 omnium

334 1847 511 1916 eorundem
528 1847 662 1916 fratrum
678 1859 861 1918 nostrorum
878 1851 1021 1936 Capituli
1039 1850 1469 1935 strigoniensisaorastiuo

335 1955 389 2022 die
404 1956 624 2042 deposicionis
641 1956 787 2024 eiusdem
803 1958 976 2024 iuramenti
992 1978 1050 2024 sex
1066 1957 1182 2024 diebus
1198 1957 1364 2023 continuis
1390 1955 1470 2024 asti·

334 2069 443 2128 terunt
458 2066 492 2130 in
509 2064 645 2130 termino
662 2085 770 2132 coram
787 2067 880 2133 nobis
897 2071 1011 2132 contra
1027 2063 1164 2131 eundem
1180 2063 1355 2130 Nicolaum
1383 2063 1469 2130 auri·

334 2167 472 2253 fabrum,
490 2169 625 2254 quinon
643 2173 791 2238 veuitad
816 2181 962 2238 nostram
988 2173 1204 2257 presenciam,
1228 2189 1334 2254 neque
1361 2171 1470 2255 misit;

303 2279 531 2359 'quamquam
547 2297 607 2344 nos
631 2285 704 2364 post
727 2277 968 2364 expedicionem
995 2277 1141 2346 eiusdem
1166 2279 1343 2344 iuramenti
1371 2299 1470 2363 super

333 2380 420 2450 sacto
437 2383 607 2448 uerberum
623 2390 655 2450 et
679 2384 858 2466 uulnerum,
883 2392 950 2449 tam
976 2383 1130 2470 uirorum,
1156 2403 1255 2466 quam
1281 2384 1471 2472 mulierum,

334 2489 540 2576 iobagionum
557 2493 702 2559 eiusdem
718 2490 859 2576 Capituli
876 2493 917 2558 de
938 2491 1029 2558 Uilla
1054 2491 1148 2558 Noua
1173 2491 1262 2559 circa
1288 2491 1469 2558 eeclesiam

334 2597 448 2666 Sancti
464 2599 627 2665 Dominici
644 2601 831 2682 constituta,
850 2606 882 2667 et
898 2600 1079 2665 uerbalium
1097 2598 1300 2681 iniuriarum,
1316 2619 1380 2664 uec
1399 2619 1464 2668 non

335 2725 432 2790 super
448 2705 535 2772 facto
551 2707 777 2792 occupacionis
793 2715 879 2773 terre
905 2708 1079 2774 eorundem
1105 2706 1242 2773 bubum
1267 2713 1467 2786 nostrorum,

333 2813 417 2879 iuter
429 2813 558 2879 vineam
569 2814 695 2880 Pentele
705 2821 738 2879 et
749 2813 832 2880 iuter
847 2814 983 2880 eandam
994 2814 1167 2880 ecclesiam
1177 2813 1289 2880 Sancti
1302 2813 1468 2880 Dominici

335 2919 504 2986 existentis
520 2927 552 2986 et
567 2940 624 3006 per
640 2920 880 3006 plantacionem
908 2921 1003 2988 vinee
1029 2929 1194 3008 occupate,
1219 2923 1304 2988 inter
1329 2923 1466 2992 easdem
1542 2979 1545 2984 .

253 3113 262 3122 ⁹
334 3037 445 3114 partes
465 3026 616 3094 iudicium
634 3027 741 3094 facere
757 3029 1002 3112 debuissemns;
1027 3034 1124 3112 prout
1149 3027 1210 3095 hoc
1240 3031 1272 3094 in
1302 3033 1466 3114 prioribus

334 3137 454 3202 nostris
469 3134 586 3202 litteris
602 3135 729 3221 plenius
747 3142 778 3202 et
793 3137 977 3222 expressius
994 3135 1184 3203 continetur.
1201 3137 1326 3202 Datum
1343 3139 1467 3223 Strigo-

333 3243 378 3324 nij
396 3243 533 3329 septimo
549 3243 602 3308 die
618 3244 746 3309 termini
758 3245 928 3328 prenotati.

407 3438 457 3502 (Aa
470 3439 571 3491 erudeli
596 3437 663 3492 utdu
679 3441 774 3492 Knaua
794 3437 913 3500 lldndor⁹
935 3439 1050 3506 Magyar
1065 3437 1130 3492 Sion
1144 3440 1196 3492 111.
1210 3440 1266 3491 lrot.
1281 3442 1347 3493 938.
1360 3441 1391 3508 i.)

789 3725 948 3736 ...h-a...-
958 3727 999 3736 -ι-
