3234 5194
893 348 932 412 18

900 433 991 442 —.-——

347 563 387 610 ex
402 543 494 609 nobis
510 521 647 606 mittatis
676 559 733 625 pro
766 539 950 607 testimonio
980 537 1189 621 fidedignum
1222 557 1286 622 quo
1321 546 1473 624 presente

346 650 436 716 Beke
451 647 535 715 lilius
550 649 683 714 Parnan
701 644 741 714 de
757 646 820 712 Val
837 647 912 731 alijs
943 646 1135 713 absentibus
1160 645 1255 712 homo
1273 652 1393 732 noster,
1419 666 1474 712 ac·

346 756 442 822 cedat
457 755 501 821 ad
518 755 634 820 faciem
666 755 752 820 dicte
775 754 992 839 possessionis
1010 754 1142 840 Gumur,
1173 761 1206 820 et
1229 753 1276 818 ibi
1300 753 1417 819 vicinis
1441 759 1476 818 et

347 863 579 930 commetaueis
603 861 670 928 suis
693 859 856 928 uniuersis
882 859 1027 946 legitime
1052 860 1272 946 conuooando,
1305 868 1337 927 et
1364 880 1474 928 coram

349 971 478 1038 eosdem
495 969 620 1036 vicinos
645 975 678 1037 et
704 976 942 1037 commetaneos
969 967 1055 1056 (tgy)
1084 969 1229 1035 eiusdem
1255 969 1475 1053 possessionis

349 1078 473 1146 (inmun
489 1076 627 1145 eundem
643 1073 800 1142 Comitem
817 1077 921 1161 Batyz
936 1076 978 1142 ad
995 1075 1118 1142 dictam
1144 1078 1383 1161 possessionem
1410 1077 1475 1143 Gu-

346 1207 417 1252 mur
431 1190 573 1254 statuere
588 1190 620 1249 et
633 1189 828 1268 perpetuare
852 1182 1002 1270 debeant,
1027 1185 1055 1248 si
1080 1203 1144 1250 nou
1170 1183 1267 1251 inerit
1291 1183 1473 1250 contradic

346 1299 432 1376 tum;
448 1290 701 1360 contradictores
712 1309 797 1374 vero,
807 1289 836 1354 si
847 1291 902 1373 qui
913 1289 998 1358 dicte
1008 1291 1185 1358 statueioui
1196 1289 1475 1358 etreambulaeio

347 1401 550 1466 nimetarum
563 1403 596 1465 et
615 1396 836 1466 creceionibus
847 1397 1033 1486 earundem,
1050 1399 1079 1464 si
1090 1405 1122 1465 et
1138 1399 1193 1464 ubi
1212 1418 1345 1466 necesse
1365 1397 1474 1478 fuerit,

348 1507 523 1594 extiterint,
540 1511 659 1574 extunc
675 1505 812 1573 eundem
827 1507 879 1573 rel
906 1507 1035 1574 eosdem
1051 1505 1094 1572 ad
1118 1513 1252 1574 octenas
1279 1505 1354 1574 festi
1378 1503 1475 1570 Beati

346 1612 528 1700 Myehaelis
544 1613 740 1696 Archangeli
756 1619 910 1680 venturas
935 1623 1080 1682 nostram
1104 1617 1242 1700 Regiam
1268 1617 1405 1682 enecent
1434 1611 1470 1677 iu

347 1721 570 1804 presenciam
603 1721 632 1788 si
657 1740 734 1787 nero
776 1721 1031 1790 contradictores
1057 1741 1122 1788 non
1148 1723 1323 1810 extiterint,
1355 1725 1475 1786 extunc

347 1831 528 1898 statueioue
543 1829 632 1897 faeta
647 1849 705 1915 per
719 1829 882 1914 legitimos
898 1831 968 1899 dies
984 1831 1153 1898 continuos
1169 1831 1201 1897 in
1213 1830 1328 1898 eadem
1345 1847 1473 1916 posses·

346 1938 439 2004 sione
451 1938 575 2004 Gumur
591 1936 802 2024 expectando,
819 1957 891 2004 oum
909 1939 1031 2007 eisdem
1049 1939 1165 2006 vicinis
1179 1944 1213 2007 et
1238 1937 1471 2006 commetaneis

347 2044 491 2112 eiusdem
506 2044 720 2130 possessionis
737 2045 897 2112 uniuersis
913 2053 1016 2113 metas
1032 2047 1178 2114 eiusdem
1206 2067 1265 2132 per
1289 2051 1415 2114 ueteres
1441 2049 1475 2110 et

346 2151 498 2234 antiquas
513 2157 617 2218 metas
634 2153 866 2240 perambulent,
884 2153 912 2220 si
928 2159 961 2219 et
976 2154 1031 2220 ubi
1047 2163 1239 2241 oportunum
1249 2155 1402 2242 extiterit,
1413 2175 1472 2218 uo-

346 2278 407 2325 nes
421 2265 526 2325 metas
542 2257 667 2342 erigere
684 2258 816 2346 faciant,
834 2267 866 2328 et
880 2262 988 2328 omnia
1013 2264 1174 2347 premissa
1193 2269 1225 2329 et
1240 2263 1473 2348 premissorum

347 2367 477 2449 singula
492 2365 586 2431 nobis
603 2363 637 2429 in
653 2364 771 2434 litteris
801 2368 920 2435 vestris
952 2368 1091 2436 fideliter
1121 2369 1317 2438 rescribatis.
1348 2369 1472 2434 Datum

346 2470 438 2538 Budc
454 2471 538 2539 teria
552 2477 646 2540 sexta
661 2474 811 2558 proxima
827 2483 902 2562 post
918 2475 1036 2545 festum
1062 2479 1155 2544 Beati
1182 2479 1297 2548 Jacobi
1321 2477 1474 2563 Apostoli

347 2599 434 2646 anno
448 2579 580 2646 Domini
595 2565 892 2649 M⁰OC⁰LXXXX⁰
906 2585 1022 2669 primo.

347 2776 398 2843 (Ᾰι
411 2780 471 2844 egri
488 2776 673 2846 lrtptalsnnalr
695 2782 806 2832 luel-kt
820 2779 1113 2850 bizonystgloreltbtlL
1126 2787 1193 2836 mint
1224 2779 1308 2835 allbb
1322 2786 1364 2836 39.
1382 2801 1420 2836 sa.
1433 2789 1480 2858 a.)

803 3083 1014 3099 ψ

892 3597 944 3666 14.

346 3777 409 3842 Ill.
427 3775 537 3840 Esurire
551 3773 724 3862 kirdlyoolc
739 3777 862 3842 Kotoa
892 3786 973 3843 osolt
981 3778 1091 3866 foldct
1108 3784 1263 3866 tcirpyuzo
1288 3782 1475 3870 adoncdoya

475 3883 625 3969 Depreht,
640 3883 728 3947 Kuot
739 3887 897 3970 pozsoupi
912 3885 984 3951 hirc
991 3887 1044 3969 fla
1070 3891 1228 3952 eadmero.
1248 3885 1346 3954 1391.

454 4078 633 4169 (A)ndreas
659 4079 719 4146 Dei
744 4081 857 4163 gracia
885 4081 1072 4167 Hungarie,
1107 4081 1289 4167 Dalmaoie,
1325 4083 1473 4165 Croacie,
1575 4085 1584 4132 ·,

344 4187 965 4276 Rameseruie,Gallicie,Lodomerie,
987 4187 1144 4255 Cumanis
1167 4189 1390 4275 Bulgarieque
1400 4191 1474 4256 Rex

343 4299 492 4366 omnibus
535 4297 654 4363 Christi
686 4297 835 4365 fidelibus
867 4301 1051 4383 presentem
1082 4297 1238 4381 paginam
1278 4298 1474 4382 inspecturis

343 4407 480 4474 salutem
497 4405 531 4470 iu
547 4406 687 4471 omnium
704 4405 879 4473 saluatore.
896 4404 948 4468 Ad
959 4405 1183 4471 uniuersorum
1194 4405 1347 4471 noticiam
1359 4411 1474 4472 tenore

344 4513 543 4600 presencium
560 4514 708 4579 uolumus
724 4513 903 4598 peruenire,
920 4511 1006 4595 quod
1022 4511 1237 4578 consideratis
1253 4511 1470 4581 fidelitatibus

342 4629 374 4690 et
390 4621 600 4690 seruiciorum
618 4621 741 4687 meritis
758 4619 903 4706 Depreht
919 4619 976 4702 lilij
996 4622 1093 4708 Knut,
1112 4619 1219 4686 Villici
1247 4621 1468 4706 Posouiensis,
1504 4701 1507 4706 ¹
