3124 5194
857 373 1019 476 Q

366 567 470 634 clesia
488 567 616 636 scilicet
631 568 665 635 in
681 568 801 638 bonore
827 571 921 638 Beati
947 569 1062 637 Jacobi
1089 568 1123 634 in
1148 568 1268 636 eadem
1296 563 1507 652 possessione

367 683 573 762 constructe,
591 682 623 743 et
639 677 777 762 piscina,
793 676 1052 764 aupertineueije
1063 674 1280 761 quibuslibet,
1295 674 1364 741 sub
1374 668 1510 755 bijedem

367 783 461 850 metis
477 793 510 852 et
525 783 684 870 terminis,
702 784 818 871 quibus
837 785 951 852 eadem
967 789 1057 850 terra
1072 785 1114 850 ab
1131 785 1272 867 antiqno
1292 781 1447 847 limitata
1456 776 1511 843 t'uit

368 897 400 956 et
416 907 580 976 possessa,
595 889 743 977 predicto
760 891 857 958 Petro
873 891 939 958 filio
956 891 1059 976 Lake,
1075 895 1107 956 et
1123 891 1191 956 suis
1206 887 1398 956 heredibus
1425 883 1512 952 dede·

367 1002 441 1064 runt
451 1004 484 1064 et
499 997 752 1083 assignauernut
767 1007 926 1086 perpetuo
936 1007 968 1067 et
978 998 1234 1066 irreuocabiliter
1243 993 1494 1084 possidendam
1506 1015 1512 1078 ς

368 1105 531 1190 predictae
547 1105 777 1174 nichilominus
804 1107 937 1192 triginta
963 1125 1091 1173 marcas
1116 1105 1246 1190 argenti
1275 1102 1375 1171 idem
1402 1102 1512 1168 Comes

367 1211 492 1296 Petrus,
510 1218 545 1282 ut
560 1215 746 1298 assumpsit,
764 1219 795 1281 et
812 1213 929 1281 tratres
945 1216 996 1281 sni
1013 1215 1151 1300 predicti
1168 1219 1361 1282 memorato
1379 1209 1510 1276 Nicclnc

367 1319 550 1406 Vayauode
569 1321 705 1388 reddere
716 1329 748 1390 et
759 1322 1145 1391 retunderetenebuntnr.
1156 1324 1194 1389 In
1211 1323 1311 1390 cuins
1330 1320 1383 1386 rei
1401 1337 1512 1384 memo·

369 1427 449 1493 riam
468 1435 726 1514 perpetuamque
743 1431 928 1498 firmitatem
944 1435 1112 1518 presentes
1138 1429 1374 1497 concessimus
1390 1425 1513 1492 litteren

368 1535 590 1620 sigillinostri
617 1538 795 1604 munimine
820 1539 998 1605 roboratus.
1018 1539 1140 1604 Datum
1164 1539 1198 1604 in
1223 1535 1415 1604 Dominioa
1440 1535 1513 1599 Esto

367 1641 446 1710 llibi
474 1663 563 1710 anno
580 1643 711 1712 Domini
736 1644 856 1712 M⁰GC⁰
871 1645 1084 1731 nonagesimo
1109 1653 1211 1713 sexto.
1237 1641 1420 1712 Demetrio
1445 1641 1511 1708 Pre-

369 1751 489 1836 poeito,
505 1750 648 1817 lwanka
664 1753 809 1840 Lectore,
819 1753 906 1821 Junn
926 1751 1076 1841 cantore,
1087 1755 1225 1820 llartino
1241 1750 1406 1820 Custode
1419 1749 1510 1815 Eccle

369 1857 417 1926 sie
432 1863 543 1927 nostre
559 1861 780 1928 existentibus.

368 2053 506 2121 (unusne
519 2055 697 2124 bbrbtrtytm
719 2058 833 2125 melyrbl
854 2073 872 2109 a
894 2057 991 2127 peestt
1014 2057 1146 2113 tbrstltke
1169 2065 1249 2111 rbrbe
1273 2053 1508 2124 selyemzsintrcn

452 2145 520 2212 tm
530 2164 538 2209 ς
550 2161 569 2197 ι
580 2143 655 2198 utut
669 2141 736 2200 utre
750 2145 867 2212 Pertnyi
881 2145 976 2200 cealtd
989 2147 1191 2213 napy-mulleri
1204 2142 1431 2206 levtltltrtbau.)

853 2969 926 3038 lua.

366 3163 397 3232 Δ
413 3169 587 3252 ceocprtmi
602 3169 833 3258 kdptclannck
849 3169 1082 3258 beitmerotuye,
1100 3173 1184 3259 bopy
1200 3195 1220 3236 a
1245 3171 1350 3238 Bada
1374 3163 1493 3234 mellcti

366 3271 516 3340 tollebat
530 3275 627 3341 liudi
635 3276 756 3364 joqqal
771 3275 895 3360 mmm,
910 3279 941 3345 ὡ
956 3280 1248 3365 καίπαε-ἰάύοφανάεί
1264 3275 1447 3343 okinsala
1461 3292 1495 3336 at

505 3383 689 3468 mterpcma‘
703 3383 791 3450 crocle
808 3385 967 3471 battcupa
993 3387 1049 3451 alc
1064 3386 1241 3453 tortozcak„
1262 3384 1363 3452 1296.

477 3574 546 3641 Nos
561 3575 745 3661 Capitulum
771 3577 918 3647 Ecclesie
946 3579 1211 3668 Wesprimicnsis
1239 3581 1395 3650 memorie
1418 3595 1490 3644 com·

366 3679 556 3748 mendantes
573 3682 795 3769 significamus
811 3692 923 3755 tenore
939 3688 1144 3780 presencium
1160 3689 1277 3776 quibus
1286 3679 1488 3776 expeditnni·

366 3787 488 3873 nensis3
505 3789 591 3876 quod
608 3809 679 3858 cum
695 3793 761 3858 iam
778 3791 901 3862 dudum
918 3798 1089 3864 retroactis
1106 3799 1309 3883 temporibus
1327 3797 1368 3865 lie
1383 3801 1486 3862 etecu-

367 3895 526 3963 trouersia
542 3899 626 3963 iuter
643 3899 866 3968 Reverendum
883 3901 918 3968 in
943 3901 1089 3973 (ibristro
1117 3887 1244 3990 patrem
1270 3913 1303 3972 et
1331 3902 1483 3972 dominum

366 4009 511 4068 nostrum
527 4003 564 4068 B.
581 4003 776 4091 Episcopum
793 4013 826 4073 et
841 4029 900 4076 uos
928 4007 1111 4096 Capitulum
1137 4011 1284 4081 llcolesie
1311 4001 1484 4096 wesprimi-

366 4107 454 4171 ensis
471 4126 511 4175 ex
527 4127 611 4193 una3
629 4117 662 4176 et
680 4111 836 4181 discretos
854 4116 951 4203 uiros,
963 4118 1120 4186 uidelicet
1130 4119 1267 4215 Paulum
1285 4121 1329 4188 de
1345 4114 1480 4202 Vrsin-

366 4209 506 4279 kounem
538 4217 579 4284 de
609 4216 724 4304 Sasad,
742 4221 913 4290 Nicolaum
945 4222 985 4292 de
1001 4225 1104 4314 cnek,
1120 4227 1308 4296 Johannem
1341 4223 1482 4300 deKcuu

366 4317 569 4387 Dominicnm
585 4323 627 4391 de
642 4323 763 4393 Sancto
787 4328 910 4398 Jacobo
933 4339 966 4401 et
983 4335 1126 4422 Petrum
1158 4334 1200 4402 de
1226 4336 1312 4406 Alba
1337 4325 1476 4406 Ecclesia.

367 4419 585 4496 Ecclesiarnm
600 4433 768 4522 plebanos,
778 4437 924 4505 eiusdem
941 4443 1100 4528 Dyooesis
1116 4441 1479 4532 Wesprimiensis,part⁰

369 4543 409 4591 cx
426 4530 537 4615 altera,
555 4535 668 4606 luisset
685 4549 797 4608 exorte
822 4551 855 4609 et
880 4543 1006 4612 demum
1033 4548 1074 4613 de
1099 4570 1184 4616 nouo
1210 4551 1370 4619 suscitata
1397 4557 1476 4631 super

369 4629 439 4693 inre
454 4635 653 4722 percipiendi
671 4644 815 4716 decimae
832 4649 977 4736 integrae
994 4661 1026 4724 et
1051 4655 1244 4728 uisitatione
1270 4657 1406 4742 Concilij
1426 4649 1472 4716 At·
