3132 5192
569 343 726 439 „rpp-

77 534 120 618 gij
139 535 294 600 annotati
309 535 473 602 sororibus
489 535 663 622 sepediotis
683 542 851 620 presentes
861 536 1077 603 oonoessimus
1088 535 1211 603 litteras
1239 519 1242 526 ¹

77 641 174 726 sigilli
193 644 301 708 nostri
317 644 496 710 munimine
511 643 690 712 roboratas.
708 645 830 710 Datum
854 661 914 728 per
938 663 1054 709 manus
1079 643 1210 710 disereti
1269 705 1273 714 .

1 806 2 811 ,
78 749 137 814 uiri
155 751 311 834 Magistri
327 750 474 818 Ladizlai
489 752 634 818 Lectoris
661 753 808 819 Eoolesie
833 756 941 820 nostre
968 771 1053 816 auno
1080 750 1210 817 Domini

78 857 199 924 M⁰CG⁰
216 859 430 943 nonagesimo
447 859 556 925 tersio.
574 858 732 943 Magistro
749 860 849 926 Paulo
866 857 1019 943 Oantore,
1050 857 1208 942 Magistro
1267 877 1273 884 ·

78 965 240 1047 Gregorio
257 965 407 1052 Custode,
423 966 585 1033 Lnoaohio
602 968 744 1050 Deoano,
762 965 927 1051 Stephano
947 972 979 1032 et
995 967 1117 1032 Jaoobo
1142 965 1210 1031 lla·
1330 961 1332 966 ’

78 1072 199 1156 gistris,
218 1071 375 1159 Nyoolao,
392 1070 522 1139 Andrea
547 1078 579 1140 et
603 1074 752 1142 iohanne
777 1071 1009 1159 sacerdotibus,
1036 1079 1069 1138 et
1093 1073 1212 1140 oeteris

78 1179 267 1266 Canonieys
285 1181 509 1248 existentibus.

79 1363 226 1456 (Eredetis
239 1376 412 1442 borhtrtytn,
427 1391 444 1427 a
458 1375 538 1446 srirga
552 1378 783 1444 salyemasindron
805 1377 915 1444 suggott
928 1375 1020 1445 paosdt
1035 1377 1174 1439 elveszett,
1188 1392 1205 1426 a

80 1470 162 1520 bndai
178 1470 235 1522 kin.
249 1471 371 1522 kamarai
384 1465 564 1552 lavdltlrban.
579 1467 729 1521 Kironattt
742 1470 815 1520 kdzli
828 1468 909 1534 Fejtr
929 1467 995 1520 (lod.
1012 1467 1077 1533 Dipl
1090 1467 1137 1520 VI.
1154 1467 1209 1516 ket.

552 1559 576 1612 1.
590 1574 610 1608 r.
632 1559 690 1610 2⁷9.
705 1558 760 1624 lap.

541 1861 753 1874 ---..-——-·‹

617 2395 670 2464 83.

1 2651 2 2690 3
83 2560 230 2660 Abritai
247 2595 406 2680 triptotam
420 2596 525 2681 ‹ttirp'u
541 2618 561 2660 a
576 2596 769 2681 aydlazigeti
783 2597 1014 2682 apostatarum
1030 2598 1210 2665 szdmctraa

224 2699 396 2786 Wopztowi
422 2701 560 2768 birtoltot
586 2707 742 2790 tarpyazd
766 2702 1102 2789 okmctuyokot.1293.

1 2973 2 2993 2
186 2898 259 2965 Nos
275 2896 460 2982 Capitulum
476 2897 638 2965 Budensis
655 2897 802 2968 Ecclesia
818 2899 971 2965 memorie
987 2898 1210 2966 commendan-

1 3039 2 3042 =
86 3008 131 3070 tes
144 3004 371 3089 significamus
386 3003 547 3072 uniuersis
562 3007 764 3091 presentium
781 3025 838 3091 per
848 3013 1000 3088 tenorem,
1017 3005 1102 3090 quod
1113 3006 1212 3072 irater
1277 3049 1278 3052 =

1 3127 7 3173 r
85 3110 272 3180 Dominious
290 3115 323 3176 et
339 3109 439 3180 irater
454 3111 621 3180 ihoannes
645 3114 687 3180 de
704 3112 826 3182 Ordine
842 3113 991 3178 Fratrum
1019 3113 1205 3182 Predioato·

1 3227 2 3296 j
86 3239 160 3307 rum,
178 3225 406 3307 procuratores
422 3220 609 3305 Monasterij
627 3221 728 3288 Beate
745 3220 890 3304 Virginis
907 3221 948 3286 de
963 3221 1083 3307 Insula,
1102 3221 1210 3286 exibu-

1 3361 2 3398 2
87 3335 174 3394 erunt
190 3328 285 3394 nobis
300 3326 425 3394 litteras
442 3333 592 3412 patentes
611 3328 732 3395 domini
747 3329 827 3396 Belo
854 3327 954 3410 Regis
980 3327 1090 3394 inolite
1106 3347 1209 3395 reoor·

86 3434 241 3523 daoionis,
258 3454 331 3501 cnm
347 3435 594 3520 confirmatorijs
610 3437 725 3505 litteris
745 3435 901 3522 Stephani
919 3441 950 3502 et
966 3435 1112 3502 Ladizlai
1142 3436 1210 3502 illu·

1 3579 3 3585 =
88 3543 193 3608 sirium
210 3545 337 3628 Regum
354 3545 440 3611 olare
456 3547 617 3631 memorie,
634 3552 665 3612 et
681 3545 764 3614 alias
780 3546 905 3612 litteras
933 3543 1056 3612 domini
1080 3543 1210 3612 Andros

1 3641 3 3705 i
88 3648 144 3713 Dei
159 3650 275 3734 graoia
291 3651 563 3720 Excellentissimi
587 3655 685 3736 Regis
702 3652 845 3738 Vngarie
861 3651 993 3717 Domini
1017 3654 1130 3738 nostri,
1156 3671 1209 3736 pe·

1 3844 2 3847 Ἴ
91 3764 188 3826 mutes
206 3779 228 3822 a
243 3761 336 3828 nobis
352 3760 535 3846 humiliter,
552 3769 587 3828 vt
611 3763 701 3848 ipsas
717 3762 844 3829 litteras
861 3761 939 3829 Bele
957 3769 988 3828 et
1004 3759 1134 3828 Andree
1150 3761 1210 3828 lte·

1 3957 2 3964 ¹
89 3883 167 3950 gum,
179 3869 257 3952 quia
268 3875 398 3954 propter
407 3869 599 3937 discrimina
608 3870 733 3938 viarum
744 3890 851 3938 seeum
863 3871 950 3938 ferre
960 3891 1025 3938 non
1036 3869 1211 3954 audebant,

1 4028 2 4052 ,
88 3977 118 4036 rt
134 3974 294 4059 dixerunt,
312 3975 353 4043 de
369 3980 468 4045 norbo
485 3977 528 4044 ad
545 3979 678 4046 uerbum
694 3979 827 4048 rescribi
843 3977 1024 4046 faceramus
1041 3986 1073 4045 et
1097 3981 1209 4044 nostro

1 4146 4 4162 ,
89 4081 189 4166 sigillo
206 4081 354 4168 sigillari.
372 4084 479 4151 Tenon
503 4091 612 4152 autem
628 4086 807 4153 litterarum
825 4087 900 4152 Bele
926 4087 1026 4169 Regis
1042 4085 1117 4150 talis
1143 4087 1210 4149 est:
1288 4106 1291 4114 ¹

1 4187 2 4190 ’
170 4193 240 4258 Nos
250 4193 285 4259 B.
297 4194 337 4258 D.
350 4213 397 4277 gr.
407 4194 478 4260 Rex
490 4192 634 4278 Vngarie
644 4195 705 4260 stb.
719 4191 932 4282 (kdvetkezilu
943 4194 997 4259 IV.
1009 4192 1089 4259 Belo
1098 4189 1209 4276 kirtly

1 4335 2 4398 3
89 4297 149 4364 nuk
167 4299 306 4369 laos-tri
333 4299 493 4384 beismerd
519 4300 696 4389 okmdnya,
711 4304 792 4368 mint
811 4298 1090 4390 gyttjtemenydnk
1114 4297 1202 4365 VlII.

90 4407 198 4495 ragyis
214 4427 236 4473 a
251 4408 403 4476 masodik
419 4409 540 4495 folyam
557 4409 615 4476 ΙΙΙ.
626 4409 802 4477 kdtettben
821 4412 894 4477 169.
912 4405 948 4492 l.)

1 4572 2 4578 ,
185 4516 330 4584 Litteras
346 4537 422 4586 uero
440 4517 562 4586 domini
587 4517 720 4586 Andree
735 4519 835 4604 Regis
867 4515 1047 4602 recepimus
1077 4513 1113 4581 in
1143 4514 1205 4586 hes

1 4677 2 4695 ,
90 4625 197 4691 rerba:
