3124 5194
520 309 699 464 Aa..

2 570 6 579 ·
61 556 130 624 mite
146 558 322 644 Tyburoio,
340 563 373 624 et
387 556 576 626 Alexandro
592 557 659 625 filio
675 556 836 626 lobannis
853 556 953 625 fratre
969 557 1116 626 eiusdem
1144 559 1193 626 de

60 662 141 731 Keer
156 683 199 729 ex
213 683 284 729 vna
298 671 409 748 parte;
436 664 585 749 Nyoolao
611 664 750 732 oifioiaie
774 663 863 730 Petri
889 672 922 731 et
946 664 1022 732 Jole
1046 664 1192 732 filioram

60 768 223 854 lteynoldy
239 769 404 853 quondam
420 770 564 837 Palatini
580 790 639 856 pro
654 771 735 856 ipsis
760 771 903 840 dominis
919 773 989 838 suis
1005 791 1046 838 er
1062 772 1168 840 altera
1174 823 1184 857 ,

1 883 4 922 ⁷
61 895 160 944 eoram
176 875 276 942 nobis
290 876 506 960 personaliter
519 877 711 959 constitutis,
728 877 846 962 prefati
857 877 972 945 Comes
998 879 1183 963 Tybnroius

1 1023 2 1030 κ
61 990 89 1050 ot
101 983 293 1050 Alexander
308 991 543 1067 proposuerunt
558 985 634 1050 vina
650 1003 751 1068 vooe;
768 981 856 1066 quod
875 989 977 1052 totam
998 984 1186 1068 porcionem

1 1165 2 1176 χ
60 1090 196 1158 eiusdem
214 1088 394 1156 Alexandri
411 1092 446 1156 in
462 1097 551 1156 terra
566 1091 696 1157 Zabula
712 1098 828 1156 voeata
853 1091 1058 1176 existentem,
1084 1110 1182 1174 qnam

1 1245 2 1280 ,
61 1196 167 1264 ordine
195 1196 376 1282 judiciario
401 1197 443 1262 ab
467 1197 548 1282 ipsis
573 1197 650 1282 filijs
678 1195 841 1282 Reynoldi
865 1197 1088 1284 requirebant,
1115 1217 1188 1264 oum

0 1353 1 1378 ,
61 1303 215 1369 inuersis
233 1303 427 1372 utilitatibus
443 1309 476 1371 et
492 1304 706 1390 pertinenoijs
721 1305 799 1390 sois,
826 1302 968 1390 receptis
992 1303 1183 1388 quatuorde

62 1409 116 1474 oirn
131 1413 255 1476 mareis
270 1411 313 1477 ab
328 1411 451 1478 eisdem
467 1410 546 1496 filijs
571 1409 744 1498 Reynoldy
770 1431 828 1496 pro
853 1410 977 1499 eadem,
1004 1411 1084 1497 ipsis
1109 1411 1188 1497 filijs

61 1516 228 1605 Reynoldy
245 1525 278 1586 et
293 1519 361 1586 suis
377 1517 548 1586 heredibus
564 1517 777 1600 reliquissent
787 1523 945 1605 perpetuo
955 1518 1187 1602 possidendam

1 1612 2 1662 ³
63 1629 90 1689 et
103 1625 300 1692 habendam.
316 1624 452 1710 Insuper
469 1625 652 1710 obligarunt
677 1644 713 1691 se
737 1623 837 1710 ijdem
861 1625 978 1691 Comes
1004 1624 1186 1710 'l'yburoius

62 1737 90 1796 et
103 1731 303 1818 Alexander,
320 1752 359 1799 ao
374 1733 512 1800 heredes
529 1750 614 1814 snos,
631 1731 734 1799 diotos
750 1731 835 1798 filios
850 1729 1021 1816 Reynoldy
1037 1740 1070 1798 et
1097 1733 1186 1798 bere-

1 1913 4 1942 ,
63 1835 115 1906 des
131 1840 305 1906 eorundem
322 1841 363 1907 ab
379 1839 528 1908 omnibns
544 1841 676 1906 raoione
691 1839 817 1926 prefate
848 1838 1010 1924 poroionis
1034 1841 1200 1925 impetere

0 2010 1 2027 ,
62 1945 236 2014 nitentibus
252 1943 427 2014 defendere
439 1957 472 2014 et
487 1945 641 2032 expedire
656 1947 801 2032 proprijs
817 1944 984 2012 laboribus
1010 1951 1042 2012 et
1068 1965 1186 2032 expen-

1 2091 2 2118 l
68 2053 117 2121 sis.
131 2055 171 2120 ln
188 2053 284 2120 onius
314 2073 372 2139 ray
403 2053 621 2124 testimoninm
653 2053 696 2119 ad
720 2051 912 2120 instantiam
939 2051 1086 2137 paroium
1112 2073 1183 2138 pre·

64 2164 164 2226 sentes
180 2159 404 2227 oonoessirnus
418 2160 520 2244 sigilli
536 2159 638 2228 nostri
654 2159 832 2226 munimine
848 2158 1029 2238 roboratas.
1047 2158 1185 2227 Prosen-

65 2265 142 2331 tibns
157 2271 271 2332 tamen
287 2266 444 2348 Magistro
460 2265 610 2334 Jobanne
625 2267 771 2348 Leniore,
785 2265 919 2350 Mykow
935 2263 1088 2349 Custode,
1104 2264 1187 2330 blar·

1 2337 3 2411 l
66 2371 126 2438 tino
141 2373 182 2438 de
196 2372 317 2460 Patha,
332 2373 431 2440 Petro
448 2371 489 2438 de
505 2373 639 2456 Kemey,
655 2372 814 2456 Magistro
830 2371 981 2437 Jobanne
1008 2370 1051 2436 de
1077 2371 1187 2438 Heues

1 2480 3 2560 l
66 2477 307 2547 Arobidiaoonis
324 2485 356 2546 et
372 2479 448 2564 aliJs
474 2479 603 2564 multis,
633 2499 720 2546 anno
746 2477 877 2546 Domini
902 2478 1022 2545 Μῡίὶῦ0
1047 2497 1188 2562 nonage-

67 2587 142 2654 simo
157 2595 261 2656 sexto.
278 2588 450 2672 Regnante
464 2587 598 2654 Andrea
613 2587 739 2654 Illustri
763 2589 853 2672 Rege
878 2585 1071 2670 Hongarie3
1089 2584 1190 2652 Lodo·

70 2693 161 2760 nerio
190 2693 421 2779 Strigoniensi,
449 2692 600 2762 Jobanne
625 2693 794 2760 Colooensi
821 2691 1104 2778 Arobiepisoopis;
1130 2691 1186 2758 do·-

69 2801 148 2866 nino
171 2809 286 2868 nostro
318 2798 498 2868 venerabili
522 2807 618 2885 patre
642 2799 775 2866 Andrea
800 2800 863 2866 Dei
889 2799 1004 2884 graoia
1029 2797 1201 2884 Episoopo.

70 2906 214 2991 Agriensi
230 2905 455 2974 existentibus.

324 3085 353 3150 A
614 3079 926 3183 nlo

1 3274 2 3316 r

71 3277 202 3344 (Eradetie
214 3275 391 3352 btrhlrtyln
405 3279 519 3345 melyrb'l
538 3296 555 3331 a
565 3277 657 3347 peoset
669 3275 842 3344 soltga-ubrbs
855 3273 1084 3341 selyomasindron
1107 3275 1183 3340 sugg.

371 3387 389 3422 a
401 3371 484 3424 budai
497 3372 548 3424 kir.
561 3372 684 3422 kamarai
696 3363 892 3434 leveltrlrban.)
