3146 5192
618 995 695 1064 171.

100 1195 194 1262 VIII.
213 1194 380 1284 Booifdoz
389 1199 486 1284 papo
516 1195 668 1262 abdeca·
694 1193 847 1260 Heorilcet
870 1195 1009 1259 kioeoezo‘
1033 1193 1154 1279 jodoci
1178 1196 1225 1258 dr·

541 1301 663 1389 sekaeIc,
682 1298 779 1367 1297.
1015 1325 1021 1335 ·

195 1497 386 1568 Boniiaoius
405 1500 587 1586 Episcopus
603 1519 721 1567 servos
738 1515 905 1566 seruorum
922 1497 983 1563 Dei
1009 1493 1129 1563 dilooto
1154 1495 1222 1564 lilio

93 1607 184 1673 fratri
200 1607 344 1676 Hearico
361 1609 402 1675 do
416 1609 561 1675 Tuderto
577 1605 709 1673 Ordinis
720 1605 857 1673 fratrum
867 1605 1027 1672 Minorum
1038 1603 1224 1690 professori,
1349 1659 1353 1667 .

93 1714 386 1802 illectodadrensi,
405 1719 593 1784 salutemet
613 1711 837 1798 Apostolicam
866 1713 1134 1780 benedictionem.
1158 1713 1222 1778 Ro-

95 1823 180 1888 mani
196 1823 373 1906 Pontificis,
391 1843 486 1906 quem
504 1822 636 1890 celestis
651 1829 765 1909 pastor
782 1828 815 1887 et
829 1822 1000 1908 episeopus
1028 1819 1223 1907 animarum,

93 1930 267 2015 potestatis
275 1931 337 1998 sibi
353 1930 556 2016 plenitudine
572 1929 695 1998 tradita
713 1927 865 1998 llcclesiis
890 1930 1028 2014 pretullt
1053 1928 1223 2016 uniuersis,

6 2080 9 2088 ι
95 2039 189 2122 plena
205 2039 299 2108 curis
314 2046 346 2106 et
361 2044 478 2108 onusta
493 2039 617 2123 vigiliis
634 2037 819 2108 sollicitudo
835 2038 978 2122 requirit,
994 2043 1030 2103 ut
1057 2037 1143 2104 circa
1168 2056 1223 2102 cu·

96 2145 227 2214 inslibet
244 2155 366 2216 statum
382 2148 529 2216 Ecclesia
545 2147 592 2215 sic
608 2147 679 2233 ipse
699 2148 836 2215 solerter
861 2145 1021 2230 invigilat,
1047 2143 1225 2229 prudenter

100 2253 262 2340 excogitet
276 2275 316 2322 ao
330 2255 511 2341 prospiciat
527 2255 709 2340 diligenter,
726 2261 761 2320 ut
786 2275 845 2339 per
871 2253 941 2320 eius
966 2254 1223 2337 circumspectio·

7 2443 8 2446 Ἴ
98 2380 168 2426 uem
181 2361 359 2449 providam
375 2371 408 2429 ot
423 2363 662 2447 providentiam
687 2362 953 2446 circumspectam
978 2360 1135 2428 Ecclesiis
1161 2363 1223 2428 sin·

6 2515 8 2524 .
100 2467 181 2550 gulis
197 2476 313 2556 pastor
334 2471 469 2539 accedat
492 2470 641 2556 ydoneus
667 2476 699 2536 et
723 2475 827 2536 rector
851 2465 1009 2554 providus
1036 2467 1223 2558 deputetur;

6 2622 10 2644 „
99 2581 256 2656 quatenus
271 2577 342 2663 ipse
358 2578 491 2663 superni
506 2577 631 2646 fauoris
647 2577 828 2662 opitulante
844 2575 1018 2644 clementia
1033 2576 1109 2642 letis
1136 2577 1223 2644 fove-

8 2750 9 2753 ,
100 2688 190 2749 antur
206 2683 387 2770 eventibus,
406 2693 439 2752 et
455 2687 563 2753 votive
580 2683 804 2770 prosperitatis
821 2683 1028 2751 successibus
1061 2683 1223 2768 gratulen-

101 2797 158 2857 tur.
173 2791 266 2859 Sane
281 2792 438 2860 Jadrensi
453 2793 603 2862 Ecclesia
619 2814 679 2880 per
694 2792 940 2860 translationem
951 2791 1148 2858 venerabilis
1158 2793 1224 2858 sra-
1294 2849 1297 2856 .

6 2925 8 2985 g
101 2897 155 2966 tris
170 2900 274 2967 nostri
288 2898 453 2968 Johannir
469 2896 658 2982 Tranansis,
675 2905 752 2966 tunc
771 2897 942 2967 Jadrcnsis
966 2897 1223 2986 Archiepisoopi,

6 3089 7 3092 Ἴ
101 3004 141 3072 ad
155 3007 359 3075 Tranensem
374 3007 556 3076 Ecclesiam
571 3027 629 3093 per
645 3027 704 3075 nos
724 3005 844 3076 iactam
860 3025 963 3092 nuper
987 3004 1103 3074 solatio
1128 3005 1223 3074 desti-

6 3167 8 3172 .
101 3118 167 3181 tota
181 3117 337 3201 pastoris,
355 3116 423 3182 Nos
439 3116 483 3184 ad
499 3116 643 3184 eiusdem
659 3115 830 3184 Jadrensis
846 3111 990 3182 Ecclesia
1004 3112 1148 3197 quietum
1159 3120 1222 3182 sta·

6 3283 7 3286 ,
102 3228 164 3288 tum
188 3230 221 3290 st
247 3243 437 3310 prosperum
463 3231 601 3310 paterne
631 3222 857 3291 sollicitudinis
883 3220 990 3289 studio
1005 3221 1223 3308 intendentes,

6 3395 8 3418 ,
103 3329 338 3398 ordinationem
354 3338 387 3398 et
405 3330 652 3418 dispositionem
682 3329 787 3418 ipsius
802 3330 865 3396 hac
880 3331 950 3396 vioe
974 3325 1153 3414 provisioni
1169 3329 1224 3398 Se-

104 3434 151 3503 dis
165 3437 352 3525 Apostolice
368 3436 519 3506 duximus
535 3439 779 3527 reservandam,
797 3439 1008 3506 decernentes
1041 3442 1161 3504 extunc
1184 3437 1224 3504 ir·

105 3541 195 3610 ritum
207 3553 241 3612 et
255 3545 364 3632 inane,
381 3545 409 3613 si
425 3565 520 3614 secus
535 3567 633 3634 super
650 3547 712 3614 boo
727 3545 865 3614 scienter
880 3545 934 3614 vel
949 3545 1138 3628 ignoranter
1162 3564 1223 3630 por

106 3669 335 3738 quemcumque
351 3675 408 3722 seu
424 3674 644 3740 quoscumque
661 3655 863 3738 contingeret
883 3653 1081 3739 attemptari.
1107 3653 1225 3722 Volen-

108 3761 152 3826 tes
166 3759 275 3848 igitur,
292 3769 388 3848 prout
403 3763 447 3830 ad
462 3769 608 3831 nostrum
623 3769 749 3848 spectat
764 3761 916 3848 officium,
938 3761 1072 3829 obviare
1097 3758 1225 3847 dispen-

108 3863 176 3954 diis,
193 3889 257 3954 que
273 3879 408 3955 possent
424 3893 465 3938 ox
479 3871 606 3957 prolixe
627 3871 809 3938 vacationis
835 3871 993 3937 instantia
1018 3868 1123 3937 eidem
1148 3867 1225 3936 Jad·

109 3976 187 4042 rensi
203 3978 350 4046 Ecclesia
365 3979 542 4066 imminere,
559 3979 804 4047 considerantes
815 3979 913 4046 etiam
923 3977 1098 4066 probitatis
1109 3977 1224 4045 merita

109 4085 239 4162 grandia
255 4091 287 4154 et
302 4088 456 4155 virtutum
480 4088 572 4154 dotes
596 4088 803 4173 multiplices,
829 4087 947 4172 quibus
973 4087 1058 4154 douo
1084 4085 1222 4170 Superbi

110 4187 251 4261 Numinis
266 4193 412 4262 nosceris
426 4195 611 4282 insignitus,
629 4201 661 4261 et
676 4201 848 4281 propterea
863 4214 953 4280 spem
970 4198 1120 4278 gerentes
1130 4191 1221 4258 indu·

110 4293 199 4383 biam,
214 4302 402 4390 firmamque
417 4301 568 4370 fiduciam
584 4303 780 4391 obtinentes,
797 4301 884 4386 quod
899 4321 958 4386 per
974 4310 1029 4368 tue
1050 4298 1224 4368 laudabilis

112 4405 398 4496 circumspectionis
414 4408 617 4492 industriam,
634 4429 707 4477 oum
722 4417 755 4476 te
770 4409 911 4476 celebris
930 4408 1014 4476 fame
1035 4409 1224 4494 preconium

113 4512 229 4606 roserat,
245 4517 333 4603 quod
347 4518 521 4585 multorum
542 4516 658 4585 relatio
682 4516 848 4602 fidedigna
872 4515 1047 4599 confirmat,
1072 4514 1107 4581 in
1131 4515 1224 4602 spiri·

104 4624 245 4695 tualibus
259 4632 293 4692 et
306 4623 539 4714 temporalibus
554 4626 831 4712 circumspectum,
845 4625 975 4710 prefata
989 4622 1159 4692 Jadrcnsis
1168 4623 1224 4698 ilo·
