3146 5192
576 351 720 450 -;2.⁷..⁹.-.

79 549 312 632 contencione,
331 545 434 612 eidem
449 545 605 612 Marcello
622 545 755 612 Custodi
772 547 1003 614 contumaciter
1018 568 1084 614 non
1101 547 1206 614 dedis·

9 671 10 676 ’
73 663 151 740 sent,
169 655 322 722 eiusdem
338 649 490 721 custodie
506 653 539 718 in
554 653 767 737 preindicium
795 652 987 722 detinentes.
1014 656 1118 741 Super
1144 675 1207 740 qno

9 749 11 787 ³
72 765 156 828 facto
174 783 254 829 cum
273 762 316 828 ad
331 758 531 826 fundandam
548 766 579 824 et
594 759 798 846 probandam
817 761 1034 829 intencionem
1050 783 1143 832 snam
1170 763 1204 829 in

6 858 12 900 ²
71 867 129 935 hac
145 873 247 954 parte
272 867 357 934 idem
381 867 556 933 Marcellus
592 866 708 934 Custos
740 868 870 936 easdem
903 876 1031 936 nostras
1057 877 1206 955 patentes

71 977 198 1042 litteras
217 981 459 1064 presentasset3
475 971 574 1057 ijdem
590 973 798 1060 sacerdotes,
814 995 880 1040 vna
896 995 971 1042 curn
987 975 1136 1060 pluribus
1164 996 1215 1044 ex.

68 1083 134 1152 suis
151 1083 388 1168 parochyanis,
407 1100 426 1145 c
442 1082 606 1147 contrario
622 1100 686 1147 non
697 1083 845 1149 valentes
872 1082 998 1166 aliquid
1023 1083 1205 1152 racionabi-

5 1201 6 1205 ’
69 1191 140 1258 liter
156 1191 369 1276 respondere,
392 1207 526 1254 cansam
551 1195 734 1274 presentem
767 1190 811 1256 ad
844 1207 979 1257 examen
1006 1190 1202 1257 venerabilis

5 1297 8 1304 '
69 1298 170 1382 patris
189 1298 315 1365 domini
331 1297 444 1383 nosui,
467 1295 587 1362 domini
615 1295 799 1382 Lodomerij
828 1295 1065 1382 strigoniensis
1091 1297 1203 1365 Archi-

1 1493 3 1498 ·
70 1407 218 1493 episcopi
236 1405 475 1493 perduxerunt,
493 1403 535 1470 de
551 1425 617 1488 qua
632 1423 666 1468 re
687 1403 776 1472 idem
801 1405 950 1472 dominus
976 1385 1203 1490 Archicpisco·
1254 1415 1258 1423 '

68 1533 126 1601 pus
143 1513 353 1580 sentenciam
367 1511 512 1578 ciusdem
528 1511 677 1594 Magistri
694 1513 837 1598 Emyricl
854 1511 1013 1598 Prepesiti
1040 1511 1131 1598 prins
1157 1513 1202 1580 la-

73 1631 150 1707 tam,
168 1623 256 1690 nisis
274 1621 398 1688 eisdem
430 1619 552 1685 nostris
568 1619 755 1704 patentibus
782 1620 910 1703 litteris,
938 1619 1142 1708 approbarit,
1171 1627 1233 1716 ct¹

28 1798 34 1808 ,
69 1729 178 1798 cidem
192 1731 350 1797 Marcello
366 1726 498 1794 Custodi
514 1725 691 1793 seeundum
708 1747 800 1794 suam
827 1727 1044 1796 assercionem
1071 1735 1104 1794 et
1129 1747 1202 1814 pro-

1 1844 3 1849 '
69 1837 274 1922 posicionem
290 1839 325 1903 in
340 1836 509 1922 premissis
519 1832 721 1902 adiudicauit
731 1835 976 1904 sentencialiter
986 1837 1202 1903 iuramentum

70 1945 192 2010 denon
210 1944 296 2012 datis
312 1944 432 2010 marcis
455 1941 631 2008 earundem
657 1943 875 2027 candelarum,
901 1945 936 2008 in
961 1941 1058 2010 stallo
1084 1963 1142 2010 suo
1168 1944 1202 2010 in

71 2054 223 2122 Ecclesia
238 2057 351 2120 nostra
367 2071 456 2117 more
473 2050 568 2117 solito
590 2058 622 2117 et
638 2051 792 2118 canonice
817 2048 1051 2138 deponendum,
1081 2049 1133 2119 die
1158 2049 1202 2118 ad

75 2159 136 2227 hoc
153 2160 345 2248 specialiter
369 2161 549 2243 assignata.
574 2159 638 2226 Ubi
664 2159 869 2244 postmodum
893 2159 1051 2244 Magistro
1078 2159 1201 2226 Jacobo

76 2267 217 2337 Cantore
227 2268 486 2353 Strigoniensi,ct
496 2265 605 2332 multis
615 2267 691 2353 aliJs
701 2287 740 2334 ex
750 2268 850 2352 socijs
861 2275 892 2334 et
903 2267 1128 2338 concanonicis
1144 2287 1200 2333 no·

76 2379 153 2444 stris
168 2375 387 2464 presentibus,
398 2375 628 2462 mediantibus,
640 2379 673 2441 et
683 2375 901 2442 amicabiliter
911 2375 1179 2462 componentibus
1193 2399 1201 2461 ς

77 2487 157 2552 inter
173 2487 307 2553 easdem
323 2491 431 2570 partes
440 2483 548 2550 taliter
559 2483 665 2550 extitit
686 2483 879 2572 ordinatum,
891 2483 1072 2552 iuramento
1089 2484 1200 2554 huius·

77 2593 162 2659 modi
178 2600 312 2680 propter
329 2594 447 2659 bouum
464 2591 634 2658 concordie
650 2591 813 2660 relaxato:
834 2599 869 2657 ut
893 2591 992 2678 ijdem
1021 2592 1200 2662 Ladizlaus

76 2703 237 2783 presbiter
253 2699 410 2766 candelas
426 2699 582 2785 ponderis
606 2701 717 2767 decem
743 2719 934 2786 marcarum,
960 2708 991 2768 et
1017 2697 1201 2785 Gregorius,

78 2827 113 2874 ac
125 2809 318 2877 Dominicus
334 2807 520 2876 sacerdotes
537 2807 696 2874 candelas
712 2811 787 2874 octo
806 2827 996 2893 marcarum,
1022 2808 1141 2895 partim
1165 2809 1199 2874 in

77 2914 153 2984 festo
169 2915 413 2984 Purifioacionis
428 2915 528 2981 Beate
542 2915 687 2999 Virginis
701 2935 788 2982 nunc
806 2924 948 3000 uenturo,
959 2917 1078 3000 partim
1090 2922 1198 2982 autem

77 3021 352 3110 inCamispriuio,
371 3023 476 3089 eidem
500 3023 656 3090 Marcello
684 3023 817 3090 Custodi
843 3024 967 3091 soluere
992 3023 1198 3106 tenebuntur;

78 3131 234 3201 incursuri
249 3133 381 3199 nomine
398 3153 491 3216 pene,
506 3129 672 3200 sleosdem
697 3132 855 3198 terminos
880 3131 1084 3217 preterirent,
1110 3131 1199 3198 solu-

78 3241 195 3308 tionem
211 3239 353 3304 omnium
370 3238 581 3304 candelarum
597 3239 739 3322 illarum,
757 3255 840 3320 quas
857 3237 897 3303 dc
918 3239 1016 3305 anuis
1034 3237 1196 3323 preteritis

77 3345 196 3414 inuenti
212 3346 332 3413 fuerint
348 3366 413 3411 non
429 3345 570 3430 dedisse,-
583 3344 677 3411 iuxta
692 3351 836 3413 tenorem
862 3344 1017 3412 uidelicet
1041 3343 1198 3432 predicta-

77 3473 143 3521 rum
158 3462 341 3522 nostrarum
357 3455 542 3538 potencinm
559 3453 762 3540 litterarum,
783 3454 899 3519 solutis
915 3471 992 3519 uero
1007 3452 1074 3520 illis
1086 3452 1197 3520 decem

79 3569 108 3628 et
124 3572 192 3627 octo
207 3580 388 3627 marcarum
405 3559 559 3644 candelis,
578 3560 619 3625 de
644 3566 752 3626 cetero
779 3559 873 3626 annis
900 3559 1040 3644 singulis
1064 3560 1098 3626 in
1126 3580 1195 3646 per·

78 3677 204 3754 petuum
230 3669 330 3754 ijdem
354 3668 552 3755 sacerdotes,
578 3675 610 3734 et
635 3687 743 3734 corum
774 3687 979 3736 successores
1010 3671 1044 3736 in
1075 3669 1198 3737 eisdem

78 3777 230 3862 Ecclesijs
247 3795 307 3863 pro
324 3783 470 3861 tempore
486 3776 665 3860 constituti,
681 3778 878 3859 quantitates
894 3777 964 3844 siue
981 3799 1107 3846 marcas
1123 3798 1197 3845 can·

79 3884 224 3970 delatum,
241 3885 278 3950 in
295 3884 417 3951 eisdem
435 3884 622 3970 patentibus
638 3883 755 3952 litteris
781 3890 1016 3972 contentarum,
1044 3885 1198 3954 Custodia

78 3991 286 4078 Strigoniensi
301 3991 370 4060 sine
386 3992 621 4080 refragacionc,
649 3999 808 4079 perpetuo
833 3993 967 4078 pacifice
992 3999 1026 4061 et
1050 3993 1198 4078 plenarie

77 4100 197 4168 soluere
212 4101 416 4166 tenebuntur.
434 4103 554 4168 Datum
570 4101 602 4166 in
620 4101 763 4168 crastino
780 4098 873 4166 Santi
891 4099 1083 4186 Wyneencij
1110 4119 1197 4165 mar·

77 4207 139 4276 tiris
154 4229 242 4277 anno
257 4207 389 4277 Domini
406 4211 525 4278 ldtCC⁰
540 4211 755 4294 nonagesimo
771 4209 921 4294 septimo.

158 4404 209 4472 (Aa
223 4407 328 4460 armati
340 4403 407 4460 utdn
419 4409 515 4462 Knaus
528 4404 649 4473 Ndndor,
662 4401 777 4478 Mugyar
791 4407 857 4462 Sion
871 4409 922 4460 111.
935 4408 992 4473 ket,
1005 4408 1067 4462 943.
1080 4403 1112 4462 1)

527 4675 738 4687 ..υ-...ῤ-
