3124 5194
626 960 699 1027 115.
787 1055 793 1062 Ι

47 1155 1023 1244 IILErudrclriruilpdelydertlrapyjuc'emepcrdcitc'anyjduak
1034 1155 1202 1236 rb'zobfo'ld-

39 1266 93 1348 jc't
111 1268 282 1351 ta'ryyazd
292 1265 490 1350 adomduycit
500 1267 625 1342 Luszld,
637 1265 758 1331 Miklde
768 1287 865 1331 cernet
872 1265 923 1350 fia
932 1271 1090 1331 extimos-o.
1103 1261 1200 1326 1295.

169 1441 325 1508 Andreas
342 1442 404 1507 Dei
419 1442 532 1525 gracia
543 1442 719 1528 Hungarie,
739 1443 918 1529 Dalmacie,
930 1441 1199 1526 Croacie,2Rame,

54 1547 195 1632 Seruie,
214 1547 363 1631 (tellicio,
396 1547 597 1633 Lodomerie,
624 1547 794 1635 Cumanie‚
813 1549 1031 1632 Belgarieque
1046 1548 1116 1612 Rex
1133 1565 1199 1610 om-

51 1653 158 1718 nibus
178 1651 302 1719 Christi
329 1653 476 1720 fidelibus
500 1661 567 1720 tam
588 1638 796 1738 presentibus
813 1675 910 1737 quam
925 1654 1040 1722 futuris
1065 1670 1198 1738 presens

51 1758 224 1841 scriptum
249 1759 443 1844 inspecturis
471 1759 612 1826 salutem
637 1760 670 1824 in
701 1761 841 1828 Domino
873 1763 1115 1846 sempiternam.
1142 1757 1193 1822 Ad

54 1865 291 1930 uniuersorum
307 1873 375 1932 tam
390 1866 593 1950 presencium
609 1887 705 1950 quam
722 1867 902 1933 futurorum
920 1867 1072 1933 noticiam
1084 1864 1196 1929 harum

56 1971 147 2042 serie
166 1973 315 2039 volumus
332 1973 511 2058 peruenire,
539 1974 623 2056 quod
648 1974 766 2040 nobilis
791 1975 841 2040 vir·
867 1976 982 2041 Comes
1009 1971 1195 2056 Ladizlaus,

58 2077 147 2144 lilius
167 2077 303 2144 Comitis
320 2079 461 2163 Nicolai,
477 2077 520 2146 ad
536 2085 680 2146 nostram
697 2077 855 2146 accedens
872 2078 1083 2164 presenciam,
1108 2075 1198 2140 exhi-

58 2185 130 2250 buit
141 2185 242 2252 nobis
253 2185 414 2270 quoddam
435 2185 639 2269 priuilegium
656 2186 784 2252 domine
808 2186 1010 2252 Thomasine
1026 2183 1199 2248 karissime

60 2291 181 2356 matris
197 2300 308 2358 nostre
324 2312 423 2377 super
438 2291 620 2358 collacione
637 2292 804 2358 cuiusdam
832 2299 917 2358 terre
933 2311 990 2358 seu
1016 2289 1193 2375 possessio·

62 2398 116 2462 nis
133 2399 206 2464 Zub
221 2405 336 2465 uocate
352 2399 552 2482 confectum
571 2405 684 2485 petens
701 2421 721 2464 a
737 2399 843 2481 uobis,
871 2404 906 2462 ut
930 2400 1037 2482 ipsum
1063 2397 1195 2481 priuile-

63 2502 155 2584 gium
173 2513 279 2570 ratum
296 2505 417 2572 habere
427 2513 460 2570 et
474 2513 583 2572 nostro
594 2505 803 2589 dignaremur
813 2505 984 2590 priuilegio
995 2505 1197 2570 confirmare.

66 2605 167 2677 (iuius
183 2612 315 2695 quidem
332 2612 495 2697 priuilegij
513 2619 609 2679 tenor
624 2615 699 2680 talis
716 2621 783 2679 cst:

176 2713 379 2786 'l'homesina
396 2723 435 2786 D.
452 2741 500 2804 gr.
517 2729 620 2786 mater
636 2719 760 2786 domini
784 2720 915 2788 Andree
941 2717 1073 2786 illustris
1098 2715 1201 2799 Regis

68 2820 240 2907 Hungarie
272 2825 333 2892 stb.
359 2823 575 2913 (kduetkezik
600 2825 802 2894 Thomasina
834 2850 855 2894 a
886 2825 998 2912 kirtly
1027 2823 1199 2909 auyjanals

73 2929 213 2998 lieo-ki
229 2931 394 3017 okmtnya
409 2933 490 2998 mint
505 2933 603 2999 altibb
619 2937 680 3000 122
697 2955 741 3000 su.
759 2933 805 3018 a.)

177 3039 247 3105 Nos
263 3038 362 3123 igitur
378 3039 592 3106 consideratis
608 3045 640 3105 et
656 3041 760 3106 eciam
771 3039 1014 3121 circumspectis
1025 3035 1201 3118 meritorijs

71 3144 238 3228 obsequijs
255 3143 391 3228 predicti
408 3145 541 3212 Comitis
551 3145 708 3229 Ladizlai‚
720 3165 782 3229 que
792 3145 887 3211 nobis
903 3144 1049 3210 exhibuit
1064 3143 1143 3210 locis
1168 3147 1211 3207 et

71 3251 268 3334 temporibus
293 3251 470 3338 oportunis,
487 3259 519 3320 et
529 3253 717 3338 specialiter
732 3252 765 3316 in
786 3249 1200 3336 hocertiou103predictum

72 3355 275 3440 priuilegium
292 3358 423 3426 domine
438 3358 551 3426 matris
566 3365 686 3437 nostre,
696 3379 760 3424 non
777 3359 939 3445 abrasum,
957 3379 1021 3424 non
1038 3359 1200 3425 cancella·

13 3446 16 3454 ’
72 3465 147 3548 tum,
165 3484 226 3530 nec
242 3463 277 3530 in
293 3465 470 3547 aliquasui
495 3473 587 3550 parte
611 3466 777 3552 uiolatum,
805 3463 844 3532 de
872 3465 971 3532 uerbo
996 3465 1039 3530 ad
1066 3466 1199 3532 uerbum

73 3573 276 3653 presentibus
306 3573 472 3661 insertum,
499 3574 693 3641 auctoritate
716 3577 821 3641 nostri
847 3573 1012 3660 priuilegij
1043 3573 1196 3642 duximus

75 3677 334 3766 confirmandum,
350 3680 533 3765 predictam
549 3687 669 3747 terram
686 3683 755 3748 Zub
770 3681 833 3766 ipsi
850 3681 965 3747 Comiti
980 3681 1135 3748 Ladizlao
1153 3683 1201 3747 ni·

76 3783 266 3854 elrilcminus
282 3788 473 3854 auctoritate
487 3789 688 3874 presencium
721 3790 827 3856 denuo
853 3787 978 3873 damus,
1004 3788 1207 3856 conferimus-

76 3897 106 3955 et
120 3892 288 3963 donamus.
300 3895 335 3961 ln
353 3898 445 3963 cuius
462 3896 508 3962 rei
525 3898 714 3964 memoriam
740 3897 986 3980 firmitatemque
1010 3903 1199 3981 perpetuam

78 4009 240 4081 presentes
256 4003 476 4070 concessimus
492 4003 615 4070 litteras
631 4001 771 4087 duplicis
789 4002 888 4086 sigilli
905 4001 1005 4068 nostri
1022 4001 1199 4067 munimine

77 4107 251 4176 roboratas.
279 4111 400 4177 Datum
426 4131 482 4195 per
498 4129 613 4176 manus
630 4109 759 4176 discreti
776 4109 837 4175 uiri
863 4109 1008 4192 Magistri
1034 4107 1198 4174 Theodori

79 4215 225 4283 Albensis
241 4217 391 4285 Ecclesie
406 4217 576 4305 Propositi,
605 4219 681 4284 aule
705 4221 813 4284 nostre
838 4211 1126 4294 Viae-Cancellarij
1153 4213 1206 4277 di·v

81 4323 186 4392 dilecti
204 4331 235 4391 et
250 4324 564 4393 tidelisnostrianno
581 4326 710 4393 Domini
726 4321 846 4390 M⁰CG⁰
857 4299 1065 4416 nonageffi‘mo
1076 4320 1206 4405 quinto.

160 4503 208 4568 (Aa
222 4507 324 4558 eredeti
338 4503 405 4556 utin
418 4507 515 4558 Knauu
529 4502 649 4567 illudet,
663 4506 778 4570 Magyar
791 4507 857 4559 Sion
871 4505 923 4558 Ill.
937 4506 994 4558 ket.
1009 4503 1070 4554 935.
1082 4501 1112 4566 1.)
