<?xml version="1.0" encoding="UTF-8"?>
<!DOCTYPE html PUBLIC "-//W3C//DTD XHTML 1.0 Transitional//EN"
    "http://www.w3.org/TR/xhtml1/DTD/xhtml1-transitional.dtd">
<html xmlns="http://www.w3.org/1999/xhtml" xml:lang="en" lang="en">
 <head>
  <title>
</title>
<meta http-equiv="Content-Type" content="text/html;charset=utf-8" />
  <meta name='ocr-system' content='tesseract 3.04.00' />
  <meta name='ocr-capabilities' content='ocr_page ocr_carea ocr_par ocr_line ocrx_word'/>
</head>
<body>
  <div class='ocr_page' id='page_1' title='image "./codexdiplomatic03wenzgoog_0301.png"; bbox 0 0 3124 5194; ppageno 0'>
   <div class='ocr_carea' id='block_1_1' title="bbox 507 325 646 425">
    <p class='ocr_par' dir='ltr' id='par_1_1' title="bbox 507 325 646 425">
     <span class='ocr_line' id='line_1_1' title="bbox 507 325 646 425; baseline 0 -35"><span class='ocrx_word' id='word_1_1' title='bbox 507 325 646 425; x_wconf 51' lang='lat' dir='ltr'>prm</span> 
     </span>
    </p>
   </div>
   <div class='ocr_carea' id='block_1_2' title="bbox 0 511 1257 4726">
    <p class='ocr_par' dir='ltr' id='par_1_2' title="bbox 0 511 1257 4726">
     <span class='ocr_line' id='line_1_2' title="bbox 24 511 1141 606; baseline 0.005 -22"><span class='ocrx_word' id='word_1_2' title='bbox 24 516 111 584; x_wconf 85' lang='lat' dir='ltr'>multc</span> <span class='ocrx_word' id='word_1_3' title='bbox 124 535 183 600; x_wconf 89' lang='lat' dir='ltr'>pre</span> <span class='ocrx_word' id='word_1_4' title='bbox 200 517 299 584; x_wconf 85' lang='lat' dir='ltr'>nobis</span> <span class='ocrx_word' id='word_1_5' title='bbox 315 517 347 582; x_wconf 91' lang='lat' dir='ltr'>in</span> <span class='ocrx_word' id='word_1_6' title='bbox 363 517 459 586; x_wconf 84' lang='lat' dir='ltr'>rebus</span> <span class='ocrx_word' id='word_1_7' title='bbox 477 523 508 584; x_wconf 93' lang='lat' dir='ltr'>et</span> <span class='ocrx_word' id='word_1_8' title='bbox 524 511 730 588; x_wconf 87' lang='lat' dir='ltr'>desolacione</span> <span class='ocrx_word' id='word_1_9' title='bbox 746 519 933 606; x_wconf 88' lang='lat' dir='ltr'>hereditarij</span> <span class='ocrx_word' id='word_1_10' title='bbox 962 521 1024 589; x_wconf 87' lang='lat' dir='ltr'>soli</span> <span class='ocrx_word' id='word_1_11' title='bbox 1050 541 1141 590; x_wconf 86' lang='lat' dir='ltr'>exce·</span> 
     </span>
     <span class='ocr_line' id='line_1_3' title="bbox 19 621 1139 714; baseline 0.005 -24"><span class='ocrx_word' id='word_1_12' title='bbox 19 622 62 714; x_wconf 83' lang='lat' dir='ltr'>pit</span> <span class='ocrx_word' id='word_1_13' title='bbox 75 625 290 710; x_wconf 87' lang='lat' dir='ltr'>incommoda,</span> <span class='ocrx_word' id='word_1_14' title='bbox 308 621 430 693; x_wconf 80' lang='lat' dir='ltr'>Corone</span> <span class='ocrx_word' id='word_1_15' title='bbox 446 627 547 710; x_wconf 85' lang='lat' dir='ltr'>Regis</span> <span class='ocrx_word' id='word_1_16' title='bbox 566 633 598 692; x_wconf 90' lang='lat' dir='ltr'>et</span> <span class='ocrx_word' id='word_1_17' title='bbox 614 627 709 693; x_wconf 91' lang='lat' dir='ltr'>nobis</span> <span class='ocrx_word' id='word_1_18' title='bbox 725 635 759 694; x_wconf 92' lang='lat' dir='ltr'>ut</span> <span class='ocrx_word' id='word_1_19' title='bbox 775 625 913 694; x_wconf 88' lang='lat' dir='ltr'>fideliter</span> <span class='ocrx_word' id='word_1_20' title='bbox 940 629 988 697; x_wconf 87' lang='lat' dir='ltr'>sic</span> <span class='ocrx_word' id='word_1_21' title='bbox 1013 630 1139 698; x_wconf 82' lang='lat' dir='ltr'>teruen-</span> 
     </span>
     <span class='ocr_line' id='line_1_4' title="bbox 15 731 1141 820; baseline 0.002 -18"><span class='ocrx_word' id='word_1_22' title='bbox 15 737 62 802; x_wconf 78' lang='lat' dir='ltr'>ur</span> <span class='ocrx_word' id='word_1_23' title='bbox 74 731 280 817; x_wconf 82' lang='lat' dir='ltr'>adherend03</span> <span class='ocrx_word' id='word_1_24' title='bbox 298 733 344 800; x_wconf 87' lang='lat' dir='ltr'>ita</span> <span class='ocrx_word' id='word_1_25' title='bbox 355 741 390 800; x_wconf 92' lang='grc' dir='ltr'>ιιι</span> <span class='ocrx_word' id='word_1_26' title='bbox 404 735 499 818; x_wconf 88' lang='lat' dir='ltr'>qnasi</span> <span class='ocrx_word' id='word_1_27' title='bbox 515 732 681 802; x_wconf 89' lang='lat' dir='ltr'>cuiusdam</span> <span class='ocrx_word' id='word_1_28' title='bbox 698 735 787 820; x_wconf 90' lang='lat' dir='ltr'>exilij</span> <span class='ocrx_word' id='word_1_29' title='bbox 806 755 878 801; x_wconf 88' lang='lat' dir='ltr'>oum</span> <span class='ocrx_word' id='word_1_30' title='bbox 895 734 990 802; x_wconf 91' lang='lat' dir='ltr'>domo</span> <span class='ocrx_word' id='word_1_31' title='bbox 1007 743 1039 804; x_wconf 86' lang='lat' dir='ltr'>et</span> <span class='ocrx_word' id='word_1_32' title='bbox 1050 738 1141 804; x_wconf 89' lang='lat' dir='ltr'>fami-</span> 
     </span>
     <span class='ocr_line' id='line_1_5' title="bbox 19 839 1138 930; baseline 0 -18"><span class='ocrx_word' id='word_1_33' title='bbox 19 839 58 912; x_wconf 80' lang='lat' dir='ltr'>tia</span> <span class='ocrx_word' id='word_1_34' title='bbox 70 860 126 907; x_wconf 89' lang='lat' dir='ltr'>sua</span> <span class='ocrx_word' id='word_1_35' title='bbox 140 840 233 908; x_wconf 90' lang='lat' dir='ltr'>nisus</span> <span class='ocrx_word' id='word_1_36' title='bbox 249 861 310 926; x_wconf 90' lang='lat' dir='ltr'>per</span> <span class='ocrx_word' id='word_1_37' title='bbox 324 851 452 910; x_wconf 89' lang='lat' dir='ltr'>nostros</span> <span class='ocrx_word' id='word_1_38' title='bbox 470 851 501 910; x_wconf 91' lang='lat' dir='ltr'>ct</span> <span class='ocrx_word' id='word_1_39' title='bbox 517 863 594 910; x_wconf 90' lang='lat' dir='ltr'>suos</span> <span class='ocrx_word' id='word_1_40' title='bbox 612 843 745 928; x_wconf 82' lang='lat' dir='ltr'>emulos,</span> <span class='ocrx_word' id='word_1_41' title='bbox 773 851 906 930; x_wconf 89' lang='lat' dir='ltr'>propter</span> <span class='ocrx_word' id='word_1_42' title='bbox 931 845 1025 912; x_wconf 90' lang='lat' dir='ltr'>nobis</span> <span class='ocrx_word' id='word_1_43' title='bbox 1051 845 1138 913; x_wconf 87' lang='lat' dir='ltr'>exhi·</span> 
     </span>
     <span class='ocr_line' id='line_1_6' title="bbox 0 949 1137 1038; baseline 0.006 -25"><span class='ocrx_word' id='word_1_44' title='bbox 0 1018 1 1021; x_wconf 50' lang='lat'>,</span> <span class='ocrx_word' id='word_1_45' title='bbox 63 976 66 1003; x_wconf 88' lang='lat'>:</span> <span class='ocrx_word' id='word_1_46' title='bbox 88 955 118 1014; x_wconf 91' lang='lat' dir='ltr'>et</span> <span class='ocrx_word' id='word_1_47' title='bbox 133 949 326 1017; x_wconf 90' lang='lat' dir='ltr'>exhibenda</span> <span class='ocrx_word' id='word_1_48' title='bbox 341 951 491 1037; x_wconf 87' lang='lat' dir='ltr'>seruicia,</span> <span class='ocrx_word' id='word_1_49' title='bbox 504 951 547 1016; x_wconf 91' lang='lat' dir='ltr'>sit</span> <span class='ocrx_word' id='word_1_50' title='bbox 561 951 730 1038; x_wconf 82' lang='lat' dir='ltr'><strong>proscribi.</strong></span> <span class='ocrx_word' id='word_1_51' title='bbox 747 953 785 1018; x_wconf 92' lang='lat' dir='ltr'>In</span> <span class='ocrx_word' id='word_1_52' title='bbox 798 953 1023 1020; x_wconf 88' lang='lat' dir='ltr'>Viceiudicatu</span> <span class='ocrx_word' id='word_1_53' title='bbox 1035 953 1137 1020; x_wconf 89' lang='lat' dir='ltr'>eciam</span> 
     </span>
     <span class='ocr_line' id='line_1_7' title="bbox 21 1051 1139 1146; baseline 0.004 -24"><span class='ocrx_word' id='word_1_54' title='bbox 21 1051 99 1122; x_wconf 73' lang='lat' dir='ltr'>tuuc</span> <span class='ocrx_word' id='word_1_55' title='bbox 114 1062 237 1144; x_wconf 90' lang='lat' dir='ltr'>nostre,</span> <span class='ocrx_word' id='word_1_56' title='bbox 255 1077 351 1141; x_wconf 90' lang='lat' dir='ltr'>quem</span> <span class='ocrx_word' id='word_1_57' title='bbox 377 1058 418 1124; x_wconf 91' lang='lat' dir='ltr'>de</span> <span class='ocrx_word' id='word_1_58' title='bbox 443 1065 553 1126; x_wconf 89' lang='lat' dir='ltr'>nostro</span> <span class='ocrx_word' id='word_1_59' title='bbox 580 1060 784 1145; x_wconf 90' lang='lat' dir='ltr'>beneplacito</span> <span class='ocrx_word' id='word_1_60' title='bbox 810 1067 843 1125; x_wconf 91' lang='lat' dir='ltr'>et</span> <span class='ocrx_word' id='word_1_61' title='bbox 868 1060 979 1142; x_wconf 78' lang='lat' dir='ltr'><strong>gracia</strong></span> <span class='ocrx_word' id='word_1_62' title='bbox 1003 1060 1139 1146; x_wconf 89' lang='lat' dir='ltr'>speciali</span> 
     </span>
     <span class='ocr_line' id='line_1_8' title="bbox 0 1163 1139 1254; baseline 0.004 -24"><span class='ocrx_word' id='word_1_63' title='bbox 0 1238 1 1243; x_wconf 6' lang='grc' dir='ltr'>ἵ</span> <span class='ocrx_word' id='word_1_64' title='bbox 18 1163 79 1230; x_wconf 82' lang='lat' dir='ltr'>uice</span> <span class='ocrx_word' id='word_1_65' title='bbox 92 1163 245 1248; x_wconf 78' lang='lat' dir='ltr'>Magistri</span> <span class='ocrx_word' id='word_1_66' title='bbox 261 1165 351 1250; x_wconf 87' lang='lat' dir='ltr'>Opor</span> <span class='ocrx_word' id='word_1_67' title='bbox 367 1166 491 1234; x_wconf 75' lang='lat' dir='ltr'>iudicis</span> <span class='ocrx_word' id='word_1_68' title='bbox 502 1166 596 1234; x_wconf 83' lang='lat' dir='ltr'>Curis</span> <span class='ocrx_word' id='word_1_69' title='bbox 606 1175 714 1236; x_wconf 91' lang='lat' dir='ltr'>nostre</span> <span class='ocrx_word' id='word_1_70' title='bbox 730 1167 852 1254; x_wconf 89' lang='lat' dir='ltr'>habuit,</span> <span class='ocrx_word' id='word_1_71' title='bbox 865 1168 1139 1248; x_wconf 87' lang='lat' dir='ltr'>siclaudabiliter,</span> 
     </span>
     <span class='ocr_line' id='line_1_9' title="bbox 19 1271 1138 1362; baseline 0.004 -26"><span class='ocrx_word' id='word_1_72' title='bbox 19 1271 153 1360; x_wconf 87' lang='lat' dir='ltr'>siciuste,</span> <span class='ocrx_word' id='word_1_73' title='bbox 169 1272 433 1340; x_wconf 86' lang='lat' dir='ltr'>misericordiam</span> <span class='ocrx_word' id='word_1_74' title='bbox 449 1275 662 1358; x_wconf 88' lang='lat' dir='ltr'>temperando</span> <span class='ocrx_word' id='word_1_75' title='bbox 678 1276 818 1362; x_wconf 89' lang='lat' dir='ltr'>iusticia,</span> <span class='ocrx_word' id='word_1_76' title='bbox 835 1283 867 1342; x_wconf 90' lang='lat' dir='ltr'>et</span> <span class='ocrx_word' id='word_1_77' title='bbox 875 1275 1040 1342; x_wconf 86' lang='lat' dir='ltr'>iusticiam</span> <span class='ocrx_word' id='word_1_78' title='bbox 1050 1275 1138 1360; x_wconf 87' lang='lat' dir='ltr'>equi·</span> 
     </span>
     <span class='ocr_line' id='line_1_10' title="bbox 0 1380 1137 1469; baseline 0.002 -23"><span class='ocrx_word' id='word_1_79' title='bbox 0 1380 67 1469; x_wconf 68' lang='lat'><strong><em>5</em></strong></span> <span class='ocrx_word' id='word_1_80' title='bbox 79 1380 297 1463; x_wconf 86' lang='lat' dir='ltr'>equanimiter</span> <span class='ocrx_word' id='word_1_81' title='bbox 313 1383 506 1466; x_wconf 76' lang='lat' dir='ltr'>adaquando</span> <span class='ocrx_word' id='word_1_82' title='bbox 535 1402 570 1449; x_wconf 93' lang='lat' dir='ltr'>se</span> <span class='ocrx_word' id='word_1_83' title='bbox 596 1385 707 1469; x_wconf 80' lang='lat' dir='ltr'>gessit,</span> <span class='ocrx_word' id='word_1_84' title='bbox 733 1390 768 1448; x_wconf 86' lang='lat' dir='ltr'>vt</span> <span class='ocrx_word' id='word_1_85' title='bbox 791 1385 833 1450; x_wconf 92' lang='lat' dir='ltr'>ab</span> <span class='ocrx_word' id='word_1_86' title='bbox 860 1382 1007 1449; x_wconf 88' lang='lat' dir='ltr'>omnibus</span> <span class='ocrx_word' id='word_1_87' title='bbox 1031 1382 1137 1466; x_wconf 83' lang='lat' dir='ltr'>Regni</span> 
     </span>
     <span class='ocr_line' id='line_1_11' title="bbox 18 1489 1135 1578; baseline 0.004 -25.937"><span class='ocrx_word' id='word_1_88' title='bbox 18 1489 104 1554; x_wconf 89' lang='lat' dir='ltr'>nostri</span> <span class='ocrx_word' id='word_1_89' title='bbox 118 1489 248 1578; x_wconf 88' lang='lat' dir='ltr'>incolis,</span> <span class='ocrx_word' id='word_1_90' title='bbox 266 1497 300 1558; x_wconf 90' lang='grc' dir='ltr'>ιι</span> <span class='ocrx_word' id='word_1_91' title='bbox 317 1491 420 1557; x_wconf 88' lang='lat' dir='ltr'>eciam</span> <span class='ocrx_word' id='word_1_92' title='bbox 447 1496 555 1558; x_wconf 88' lang='lat' dir='ltr'>exterc</span> <span class='ocrx_word' id='word_1_93' title='bbox 580 1489 727 1556; x_wconf 78' lang='lat' dir='ltr'>nacionis</span> <span class='ocrx_word' id='word_1_94' title='bbox 753 1490 936 1559; x_wconf 91' lang='lat' dir='ltr'>hominibus</span> <span class='ocrx_word' id='word_1_95' title='bbox 962 1491 1077 1557; x_wconf 89' lang='lat' dir='ltr'>meruit</span> <span class='ocrx_word' id='word_1_96' title='bbox 1103 1499 1135 1558; x_wconf 88' lang='lat' dir='ltr'>et</span> 
     </span>
     <span class='ocr_line' id='line_1_12' title="bbox 23 1596 1136 1682; baseline 0.004 -22"><span class='ocrx_word' id='word_1_97' title='bbox 23 1601 142 1682; x_wconf 84' lang='lat' dir='ltr'>meretur</span> <span class='ocrx_word' id='word_1_98' title='bbox 157 1596 357 1664; x_wconf 88' lang='lat' dir='ltr'>mirabiliter</span> <span class='ocrx_word' id='word_1_99' title='bbox 373 1597 600 1664; x_wconf 89' lang='lat' dir='ltr'>commendari.</span> <span class='ocrx_word' id='word_1_100' title='bbox 617 1598 701 1664; x_wconf 90' lang='lat' dir='ltr'>Dum</span> <span class='ocrx_word' id='word_1_101' title='bbox 719 1599 805 1664; x_wconf 91' lang='lat' dir='ltr'>enim</span> <span class='ocrx_word' id='word_1_102' title='bbox 815 1598 948 1681; x_wconf 87' lang='lat' dir='ltr'>quidam</span> <span class='ocrx_word' id='word_1_103' title='bbox 959 1598 1136 1667; x_wconf 87' lang='lat' dir='ltr'>secundum</span> 
     </span>
     <span class='ocr_line' id='line_1_13' title="bbox 18 1701 1133 1794; baseline 0.005 -27.936"><span class='ocrx_word' id='word_1_104' title='bbox 18 1721 128 1769; x_wconf 85' lang='lat' dir='ltr'>carnem</span> <span class='ocrx_word' id='word_1_105' title='bbox 143 1701 278 1790; x_wconf 87' lang='lat' dir='ltr'>nobilis,</span> <span class='ocrx_word' id='word_1_106' title='bbox 295 1705 407 1770; x_wconf 89' lang='lat' dir='ltr'>Petrus</span> <span class='ocrx_word' id='word_1_107' title='bbox 424 1703 579 1771; x_wconf 85' lang='lat' dir='ltr'>videlieet</span> <span class='ocrx_word' id='word_1_108' title='bbox 595 1706 681 1772; x_wconf 89' lang='lat' dir='ltr'>filius</span> <span class='ocrx_word' id='word_1_109' title='bbox 698 1705 852 1794; x_wconf 79' lang='lat' dir='ltr'>Tiburcij,</span> <span class='ocrx_word' id='word_1_110' title='bbox 861 1726 921 1790; x_wconf 92' lang='lat' dir='ltr'>per</span> <span class='ocrx_word' id='word_1_111' title='bbox 929 1706 1133 1772; x_wconf 89' lang='lat' dir='ltr'>Dominicum</span> 
     </span>
     <span class='ocr_line' id='line_1_14' title="bbox 3 1809 1134 1901; baseline -0.005 -16"><span class='ocrx_word' id='word_1_112' title='bbox 3 1809 153 1885; x_wconf 75' lang='lat' dir='ltr'>temni</span> <span class='ocrx_word' id='word_1_113' title='bbox 168 1834 227 1881; x_wconf 90' lang='lat' dir='ltr'>seu</span> <span class='ocrx_word' id='word_1_114' title='bbox 245 1816 351 1881; x_wconf 90' lang='lat' dir='ltr'>eciam</span> <span class='ocrx_word' id='word_1_115' title='bbox 370 1813 411 1880; x_wconf 87' lang='lat' dir='ltr'>de</span> <span class='ocrx_word' id='word_1_116' title='bbox 427 1813 612 1901; x_wconf 82' lang='lat' dir='ltr'>Wysegrad</span> <span class='ocrx_word' id='word_1_117' title='bbox 628 1815 891 1898; x_wconf 84' lang='lat' dir='ltr'>cognominatum</span> <span class='ocrx_word' id='word_1_118' title='bbox 908 1815 939 1879; x_wconf 93' lang='lat' dir='ltr'>in</span> <span class='ocrx_word' id='word_1_119' title='bbox 957 1814 1060 1900; x_wconf 87' lang='lat' dir='ltr'>ipsius</span> <span class='ocrx_word' id='word_1_120' title='bbox 1076 1813 1134 1880; x_wconf 83' lang='lat' dir='ltr'>Go-</span> 
     </span>
     <span class='ocr_line' id='line_1_15' title="bbox 18 1920 1133 2010; baseline 0.002 -26"><span class='ocrx_word' id='word_1_121' title='bbox 18 1920 85 1987; x_wconf 87' lang='lat' dir='ltr'>nitis</span> <span class='ocrx_word' id='word_1_122' title='bbox 100 1923 230 1990; x_wconf 85' lang='lat' dir='ltr'>ltartini</span> <span class='ocrx_word' id='word_1_123' title='bbox 246 1922 431 2010; x_wconf 90' lang='lat' dir='ltr'>presencia,</span> <span class='ocrx_word' id='word_1_124' title='bbox 448 1925 551 1990; x_wconf 88' lang='lat' dir='ltr'>uicem</span> <span class='ocrx_word' id='word_1_125' title='bbox 567 1930 709 1989; x_wconf 89' lang='lat' dir='ltr'>nostram</span> <span class='ocrx_word' id='word_1_126' title='bbox 726 1923 887 2007; x_wconf 88' lang='lat' dir='ltr'>gestantis</span> <span class='ocrx_word' id='word_1_127' title='bbox 903 1923 1049 2008; x_wconf 82' lang='lat' dir='ltr'>Regiam,</span> <span class='ocrx_word' id='word_1_128' title='bbox 1060 1941 1133 1988; x_wconf 93' lang='lat' dir='ltr'>con·</span> 
     </span>
     <span class='ocr_line' id='line_1_16' title="bbox 19 2029 1132 2117; baseline 0.004 -26"><span class='ocrx_word' id='word_1_129' title='bbox 19 2035 115 2097; x_wconf 83' lang='lat' dir='ltr'>uentus</span> <span class='ocrx_word' id='word_1_130' title='bbox 130 2029 250 2098; x_wconf 81' lang='lat' dir='ltr'>fnisset</span> <span class='ocrx_word' id='word_1_131' title='bbox 266 2038 300 2098; x_wconf 91' lang='lat' dir='ltr'>et</span> <span class='ocrx_word' id='word_1_132' title='bbox 320 2032 487 2098; x_wconf 89' lang='lat' dir='ltr'>conuictus</span> <span class='ocrx_word' id='word_1_133' title='bbox 504 2030 538 2094; x_wconf 92' lang='lat' dir='ltr'>in</span> <span class='ocrx_word' id='word_1_134' title='bbox 554 2037 691 2117; x_wconf 90' lang='lat' dir='ltr'>tantum,</span> <span class='ocrx_word' id='word_1_135' title='bbox 707 2038 743 2097; x_wconf 92' lang='lat' dir='ltr'>ut</span> <span class='ocrx_word' id='word_1_136' title='bbox 757 2033 847 2098; x_wconf 84' lang='lat' dir='ltr'>frons</span> <span class='ocrx_word' id='word_1_137' title='bbox 862 2031 914 2098; x_wconf 87' lang='lat' dir='ltr'>vel</span> <span class='ocrx_word' id='word_1_138' title='bbox 931 2031 1033 2099; x_wconf 79' lang='lat' dir='ltr'>iacies</span> <span class='ocrx_word' id='word_1_139' title='bbox 1049 2031 1132 2096; x_wconf 90' lang='lat' dir='ltr'>eius·</span> 
     </span>
     <span class='ocr_line' id='line_1_17' title="bbox 9 2133 1190 2224; baseline 0.007 -25"><span class='ocrx_word' id='word_1_140' title='bbox 9 2133 76 2200; x_wconf 72' lang='lat' dir='ltr'>&#39;dcm</span> <span class='ocrx_word' id='word_1_141' title='bbox 99 2135 182 2204; x_wconf 83' lang='lat' dir='ltr'>terro</span> <span class='ocrx_word' id='word_1_142' title='bbox 215 2137 375 2204; x_wconf 89' lang='lat' dir='ltr'>candenti</span> <span class='ocrx_word' id='word_1_143' title='bbox 398 2139 433 2204; x_wconf 90' lang='lat' dir='ltr'>in</span> <span class='ocrx_word' id='word_1_144' title='bbox 459 2137 634 2204; x_wconf 81' lang='lat' dir='ltr'>notabilem</span> <span class='ocrx_word' id='word_1_145' title='bbox 660 2144 769 2204; x_wconf 90' lang='lat' dir='ltr'>notam</span> <span class='ocrx_word' id='word_1_146' title='bbox 796 2139 978 2224; x_wconf 82' lang='lat' dir='ltr'>calumpnia</span> <span class='ocrx_word' id='word_1_147' title='bbox 1001 2137 1134 2224; x_wconf 90' lang='lat' dir='ltr'>inprimi</span> <span class='ocrx_word' id='word_1_148' title='bbox 1185 2190 1190 2198; x_wconf 75' lang='lat'><em>,</em></span> 
     </span>
     <span class='ocr_line' id='line_1_18' title="bbox 20 2241 1134 2331; baseline 0.007 -27"><span class='ocrx_word' id='word_1_149' title='bbox 20 2241 182 2328; x_wconf 58' lang='lat' dir='ltr'>debuissem</span> <span class='ocrx_word' id='word_1_150' title='bbox 212 2245 338 2312; x_wconf 88' lang='lat' dir='ltr'>faciem</span> <span class='ocrx_word' id='word_1_151' title='bbox 369 2243 509 2311; x_wconf 91' lang='lat' dir='ltr'>nobilem</span> <span class='ocrx_word' id='word_1_152' title='bbox 520 2293 530 2330; x_wconf 92' lang='lat'>,</span> <span class='ocrx_word' id='word_1_153' title='bbox 548 2244 592 2310; x_wconf 90' lang='lat' dir='ltr'>ad</span> <span class='ocrx_word' id='word_1_154' title='bbox 619 2243 807 2331; x_wconf 85' lang='lat' dir='ltr'>ymaginem</span> <span class='ocrx_word' id='word_1_155' title='bbox 837 2244 999 2311; x_wconf 88' lang='lat' dir='ltr'>conditam</span> <span class='ocrx_word' id='word_1_156' title='bbox 1025 2247 1134 2312; x_wconf 91' lang='lat' dir='ltr'>condi·</span> 
     </span>
     <span class='ocr_line' id='line_1_19' title="bbox 20 2350 1133 2438; baseline 0.004 -21.957"><span class='ocrx_word' id='word_1_157' title='bbox 20 2350 92 2436; x_wconf 87' lang='lat' dir='ltr'>toris,</span> <span class='ocrx_word' id='word_1_158' title='bbox 106 2351 238 2418; x_wconf 87' lang='lat' dir='ltr'>celestis</span> <span class='ocrx_word' id='word_1_159' title='bbox 257 2350 485 2438; x_wconf 74' lang='lat' dir='ltr'>pulcritudinis</span> <span class='ocrx_word' id='word_1_160' title='bbox 511 2351 651 2438; x_wconf 89' lang='lat' dir='ltr'>speciem</span> <span class='ocrx_word' id='word_1_161' title='bbox 679 2358 966 2438; x_wconf 85' lang='lat' dir='ltr'>representantem,</span> <span class='ocrx_word' id='word_1_162' title='bbox 992 2353 1068 2420; x_wconf 90' lang='lat' dir='ltr'>licet</span> <span class='ocrx_word' id='word_1_163' title='bbox 1092 2373 1133 2420; x_wconf 87' lang='lat' dir='ltr'>ex</span> 
     </span>
     <span class='ocr_line' id='line_1_20' title="bbox 22 2460 1131 2546; baseline 0.006 -23"><span class='ocrx_word' id='word_1_164' title='bbox 22 2460 259 2544; x_wconf 88' lang='lat' dir='ltr'>transgressione</span> <span class='ocrx_word' id='word_1_165' title='bbox 278 2461 400 2546; x_wconf 90' lang='lat' dir='ltr'>proprij</span> <span class='ocrx_word' id='word_1_166' title='bbox 419 2461 574 2527; x_wconf 85' lang='lat' dir='ltr'>facinoris</span> <span class='ocrx_word' id='word_1_167' title='bbox 592 2461 793 2528; x_wconf 87' lang='lat' dir='ltr'>assacionem</span> <span class='ocrx_word' id='word_1_168' title='bbox 806 2461 1010 2545; x_wconf 81' lang='lat' dir='ltr'>prohabilem</span> <span class='ocrx_word' id='word_1_169' title='bbox 1027 2483 1131 2530; x_wconf 89' lang='lat' dir='ltr'>meru-</span> 
     </span>
     <span class='ocr_line' id='line_1_21' title="bbox 5 2563 1131 2658; baseline 0.009 -31"><span class='ocrx_word' id='word_1_170' title='bbox 5 2563 122 2655; x_wconf 37' lang='lat' dir='ltr'>9isse,ct</span> <span class='ocrx_word' id='word_1_171' title='bbox 137 2587 178 2634; x_wconf 89' lang='lat' dir='ltr'>ex</span> <span class='ocrx_word' id='word_1_172' title='bbox 210 2568 275 2634; x_wconf 89' lang='lat' dir='ltr'>hoc</span> <span class='ocrx_word' id='word_1_173' title='bbox 298 2569 366 2634; x_wconf 90' lang='lat' dir='ltr'>eius</span> <span class='ocrx_word' id='word_1_174' title='bbox 391 2573 500 2636; x_wconf 88' lang='lat' dir='ltr'>reatus</span> <span class='ocrx_word' id='word_1_175' title='bbox 529 2588 658 2634; x_wconf 91' lang='lat' dir='ltr'>omnem</span> <span class='ocrx_word' id='word_1_176' title='bbox 682 2568 838 2635; x_wconf 88' lang='lat' dir='ltr'>honorem</span> <span class='ocrx_word' id='word_1_177' title='bbox 863 2569 1064 2658; x_wconf 76' lang='lat' dir='ltr'>exclusisset,</span> <span class='ocrx_word' id='word_1_178' title='bbox 1084 2578 1131 2637; x_wconf 89' lang='lat' dir='ltr'>ta·</span> 
     </span>
     <span class='ocr_line' id='line_1_22' title="bbox 19 2673 1130 2762; baseline 0.01 -27"><span class='ocrx_word' id='word_1_179' title='bbox 19 2689 75 2739; x_wconf 86' lang='lat' dir='ltr'>nen</span> <span class='ocrx_word' id='word_1_180' title='bbox 89 2673 171 2740; x_wconf 91' lang='lat' dir='ltr'>idem</span> <span class='ocrx_word' id='word_1_181' title='bbox 188 2676 308 2742; x_wconf 80' lang='lat' dir='ltr'>Comes</span> <span class='ocrx_word' id='word_1_182' title='bbox 323 2675 480 2742; x_wconf 86' lang='lat' dir='ltr'>Martinus</span> <span class='ocrx_word' id='word_1_183' title='bbox 496 2673 748 2742; x_wconf 84' lang='lat' dir='ltr'>misericorditer</span> <span class='ocrx_word' id='word_1_184' title='bbox 763 2674 938 2762; x_wconf 87' lang='lat' dir='ltr'>deturpare</span> <span class='ocrx_word' id='word_1_185' title='bbox 954 2678 1056 2744; x_wconf 89' lang='lat' dir='ltr'>noluit</span> <span class='ocrx_word' id='word_1_186' title='bbox 1072 2699 1130 2746; x_wconf 90' lang='lat' dir='ltr'>seu</span> 
     </span>
     <span class='ocr_line' id='line_1_23' title="bbox 22 2779 1128 2868; baseline 0.005 -22"><span class='ocrx_word' id='word_1_187' title='bbox 22 2779 101 2846; x_wconf 78' lang='lat' dir='ltr'>uiam</span> <span class='ocrx_word' id='word_1_188' title='bbox 115 2785 301 2867; x_wconf 84' lang='lat' dir='ltr'>maculare3</span> <span class='ocrx_word' id='word_1_189' title='bbox 317 2803 415 2867; x_wconf 90' lang='lat' dir='ltr'>quam</span> <span class='ocrx_word' id='word_1_190' title='bbox 431 2781 689 2849; x_wconf 85' lang='lat' dir='ltr'>misericordiam</span> <span class='ocrx_word' id='word_1_191' title='bbox 705 2790 892 2868; x_wconf 87' lang='lat' dir='ltr'>prenotatus</span> <span class='ocrx_word' id='word_1_192' title='bbox 909 2784 1023 2852; x_wconf 88' lang='lat' dir='ltr'>Petrus</span> <span class='ocrx_word' id='word_1_193' title='bbox 1039 2784 1128 2852; x_wconf 90' lang='lat' dir='ltr'>filius</span> 
     </span>
     <span class='ocr_line' id='line_1_24' title="bbox 6 2885 1129 2981; baseline 0.004 -27"><span class='ocrx_word' id='word_1_194' title='bbox 6 2885 150 2974; x_wconf 73' lang='lat' dir='ltr'>Tybumij</span> <span class='ocrx_word' id='word_1_195' title='bbox 167 2893 313 2975; x_wconf 90' lang='lat' dir='ltr'>benigne</span> <span class='ocrx_word' id='word_1_196' title='bbox 329 2899 362 2958; x_wconf 91' lang='lat' dir='ltr'>et</span> <span class='ocrx_word' id='word_1_197' title='bbox 387 2891 536 2958; x_wconf 89' lang='lat' dir='ltr'>beniuole</span> <span class='ocrx_word' id='word_1_198' title='bbox 560 2911 795 2974; x_wconf 87' lang='lat' dir='ltr'>recognoscens</span> <span class='ocrx_word' id='word_1_199' title='bbox 821 2891 884 2957; x_wconf 92' lang='lat' dir='ltr'>sibi</span> <span class='ocrx_word' id='word_1_200' title='bbox 908 2911 967 2981; x_wconf 90' lang='lat' dir='ltr'>per</span> <span class='ocrx_word' id='word_1_201' title='bbox 992 2892 1129 2960; x_wconf 89' lang='lat' dir='ltr'>eundem</span> 
     </span>
     <span class='ocr_line' id='line_1_25' title="bbox 13 2991 1129 3087; baseline 0.005 -29"><span class='ocrx_word' id='word_1_202' title='bbox 13 2991 150 3063; x_wconf 64' lang='lat' dir='ltr'>:Comitem</span> <span class='ocrx_word' id='word_1_203' title='bbox 167 2999 343 3066; x_wconf 79' lang='lat' dir='ltr'>Martinam</span> <span class='ocrx_word' id='word_1_204' title='bbox 359 2999 428 3066; x_wconf 83' lang='lat' dir='ltr'>sore</span> <span class='ocrx_word' id='word_1_205' title='bbox 444 2999 574 3087; x_wconf 85' lang='lat' dir='ltr'>factam,</span> <span class='ocrx_word' id='word_1_206' title='bbox 592 3020 655 3065; x_wconf 92' lang='lat' dir='ltr'>non</span> <span class='ocrx_word' id='word_1_207' title='bbox 672 2999 865 3084; x_wconf 89' lang='lat' dir='ltr'>compulsus,</span> <span class='ocrx_word' id='word_1_208' title='bbox 882 3018 947 3064; x_wconf 93' lang='lat' dir='ltr'>non</span> <span class='ocrx_word' id='word_1_209' title='bbox 966 2999 1129 3085; x_wconf 89' lang='lat' dir='ltr'>cohactus,</span> 
     </span>
     <span class='ocr_line' id='line_1_26' title="bbox 0 3096 1190 3195; baseline 0.003 -25"><span class='ocrx_word' id='word_1_210' title='bbox 0 3096 2 3099; x_wconf 65' lang='grc'>’</span> <span class='ocrx_word' id='word_1_211' title='bbox 22 3100 66 3167; x_wconf 84' lang='lat' dir='ltr'>ted</span> <span class='ocrx_word' id='word_1_212' title='bbox 77 3113 275 3190; x_wconf 87' lang='lat' dir='ltr'>spontaneus</span> <span class='ocrx_word' id='word_1_213' title='bbox 295 3113 326 3174; x_wconf 89' lang='lat' dir='ltr'>et</span> <span class='ocrx_word' id='word_1_214' title='bbox 342 3105 486 3192; x_wconf 89' lang='lat' dir='ltr'>prudens</span> <span class='ocrx_word' id='word_1_215' title='bbox 503 3114 535 3174; x_wconf 92' lang='grc' dir='ltr'>ιι</span> <span class='ocrx_word' id='word_1_216' title='bbox 550 3105 708 3195; x_wconf 88' lang='lat' dir='ltr'>ydoneus,</span> <span class='ocrx_word' id='word_1_217' title='bbox 725 3105 826 3173; x_wconf 85' lang='lat' dir='ltr'>velud</span> <span class='ocrx_word' id='word_1_218' title='bbox 842 3108 877 3172; x_wconf 92' lang='lat' dir='ltr'>in</span> <span class='ocrx_word' id='word_1_219' title='bbox 902 3125 1125 3190; x_wconf 86' lang='lat' dir='ltr'>recompensa·</span> <span class='ocrx_word' id='word_1_220' title='bbox 1185 3141 1190 3146; x_wconf 84' lang='grc'><strong>-</strong></span> 
     </span>
     <span class='ocr_line' id='line_1_27' title="bbox 5 3207 1130 3300; baseline 0.006 -26"><span class='ocrx_word' id='word_1_221' title='bbox 5 3207 125 3279; x_wconf 61' lang='lat' dir='ltr'>‘donem</span> <span class='ocrx_word' id='word_1_222' title='bbox 139 3216 274 3300; x_wconf 86' lang='lat' dir='ltr'>pietatis</span> <span class='ocrx_word' id='word_1_223' title='bbox 289 3221 322 3282; x_wconf 88' lang='lat' dir='ltr'>et</span> <span class='ocrx_word' id='word_1_224' title='bbox 337 3215 557 3282; x_wconf 85' lang='lat' dir='ltr'>misericordie</span> <span class='ocrx_word' id='word_1_225' title='bbox 573 3215 636 3282; x_wconf 90' lang='lat' dir='ltr'>sibi</span> <span class='ocrx_word' id='word_1_226' title='bbox 652 3217 746 3298; x_wconf 89' lang='lat' dir='ltr'>facte,</span> <span class='ocrx_word' id='word_1_227' title='bbox 763 3213 929 3298; x_wconf 89' lang='lat' dir='ltr'>quandam</span> <span class='ocrx_word' id='word_1_228' title='bbox 955 3213 1130 3299; x_wconf 90' lang='lat' dir='ltr'>possessio·</span> 
     </span>
     <span class='ocr_line' id='line_1_28' title="bbox 5 3320 1127 3407; baseline 0.006 -26"><span class='ocrx_word' id='word_1_229' title='bbox 5 3320 78 3384; x_wconf 79' lang='lat' dir='ltr'>&#39;nen</span> <span class='ocrx_word' id='word_1_230' title='bbox 91 3340 180 3388; x_wconf 87' lang='lat' dir='ltr'>suam</span> <span class='ocrx_word' id='word_1_231' title='bbox 197 3322 296 3397; x_wconf 87' lang='lat' dir='ltr'>Wdol</span> <span class='ocrx_word' id='word_1_232' title='bbox 314 3327 477 3407; x_wconf 88' lang='lat' dir='ltr'>uocatam,</span> <span class='ocrx_word' id='word_1_233' title='bbox 495 3323 530 3389; x_wconf 94' lang='lat' dir='ltr'>in</span> <span class='ocrx_word' id='word_1_234' title='bbox 545 3323 706 3390; x_wconf 77' lang='lat' dir='ltr'>Comitatu</span> <span class='ocrx_word' id='word_1_235' title='bbox 715 3321 880 3388; x_wconf 90' lang='lat' dir='ltr'>Borsiensi</span> <span class='ocrx_word' id='word_1_236' title='bbox 891 3323 985 3388; x_wconf 90' lang='lat' dir='ltr'>iuxta</span> <span class='ocrx_word' id='word_1_237' title='bbox 994 3321 1127 3389; x_wconf 90' lang='lat' dir='ltr'>fluuium</span> 
     </span>
     <span class='ocr_line' id='line_1_29' title="bbox 1 3421 1127 3516; baseline 0.007 -30"><span class='ocrx_word' id='word_1_238' title='bbox 1 3483 2 3486; x_wconf 74' lang='grc'>,</span> <span class='ocrx_word' id='word_1_239' title='bbox 22 3421 113 3492; x_wconf 81' lang='lat' dir='ltr'>Geron</span> <span class='ocrx_word' id='word_1_240' title='bbox 127 3429 328 3511; x_wconf 87' lang='lat' dir='ltr'>existentem,</span> <span class='ocrx_word' id='word_1_241' title='bbox 346 3429 451 3496; x_wconf 87' lang='lat' dir='ltr'>eidem</span> <span class='ocrx_word' id='word_1_242' title='bbox 468 3429 586 3498; x_wconf 71' lang='lat' dir='ltr'>domiti</span> <span class='ocrx_word' id='word_1_243' title='bbox 601 3429 742 3496; x_wconf 87' lang='lat' dir='ltr'>Martino</span> <span class='ocrx_word' id='word_1_244' title='bbox 762 3428 905 3496; x_wconf 88' lang='lat' dir='ltr'>dedisset</span> <span class='ocrx_word' id='word_1_245' title='bbox 929 3431 1027 3514; x_wconf 90' lang='lat' dir='ltr'>pleno</span> <span class='ocrx_word' id='word_1_246' title='bbox 1045 3429 1127 3516; x_wconf 89' lang='lat' dir='ltr'>iure,</span> 
     </span>
     <span class='ocr_line' id='line_1_30' title="bbox 7 3529 1122 3661; baseline 0.007 -66"><span class='ocrx_word' id='word_1_247' title='bbox 7 3529 145 3624; x_wconf 78' lang='lat' dir='ltr'>lonnij,</span> <span class='ocrx_word' id='word_1_248' title='bbox 162 3545 193 3603; x_wconf 89' lang='lat' dir='ltr'>et</span> <span class='ocrx_word' id='word_1_249' title='bbox 209 3539 279 3605; x_wconf 89' lang='lat' dir='ltr'>suis</span> <span class='ocrx_word' id='word_1_250' title='bbox 310 3536 461 3604; x_wconf 87' lang='lat' dir='ltr'>manibus</span> <span class='ocrx_word' id='word_1_251' title='bbox 491 3535 679 3605; x_wconf 84' lang='lat' dir='ltr'>tradidisset</span> <span class='ocrx_word' id='word_1_252' title='bbox 709 3545 865 3625; x_wconf 88' lang='lat' dir='ltr'>perpetuo</span> <span class='ocrx_word' id='word_1_253' title='bbox 889 3535 1122 3661; x_wconf 83' lang='lat' dir='ltr'>possidendam</span> 
     </span>
     <span class='ocr_line' id='line_1_31' title="bbox 1 3643 1127 3732; baseline 0.003 -25"><span class='ocrx_word' id='word_1_254' title='bbox 1 3643 116 3732; x_wconf 67' lang='lat' dir='ltr'>,prout</span> <span class='ocrx_word' id='word_1_255' title='bbox 108 3664 140 3708; x_wconf 92' lang='lat' dir='ltr'>m</span> <span class='ocrx_word' id='word_1_256' title='bbox 155 3644 328 3730; x_wconf 90' lang='lat' dir='ltr'>priuilegio</span> <span class='ocrx_word' id='word_1_257' title='bbox 356 3645 498 3732; x_wconf 79' lang='lat' dir='ltr'>Capituli</span> <span class='ocrx_word' id='word_1_258' title='bbox 524 3645 686 3713; x_wconf 89' lang='lat' dir='ltr'>Budensis</span> <span class='ocrx_word' id='word_1_259' title='bbox 712 3644 830 3713; x_wconf 87' lang='lat' dir='ltr'>exinde</span> <span class='ocrx_word' id='word_1_260' title='bbox 854 3644 1000 3712; x_wconf 83' lang='lat' dir='ltr'>coniecto</span> <span class='ocrx_word' id='word_1_261' title='bbox 1026 3645 1127 3713; x_wconf 90' lang='lat' dir='ltr'>conti-</span> 
     </span>
     <span class='ocr_line' id='line_1_32' title="bbox 1 3751 1127 3838; baseline -0.002 -16"><span class='ocrx_word' id='word_1_262' title='bbox 1 3759 3 3834; x_wconf 80' lang='grc' dir='ltr'>ι</span> <span class='ocrx_word' id='word_1_263' title='bbox 1 3752 111 3814; x_wconf 75' lang='lat' dir='ltr'>netur:</span> <span class='ocrx_word' id='word_1_264' title='bbox 127 3772 184 3819; x_wconf 91' lang='lat' dir='ltr'>nos</span> <span class='ocrx_word' id='word_1_265' title='bbox 199 3754 242 3819; x_wconf 90' lang='lat' dir='ltr'>de</span> <span class='ocrx_word' id='word_1_266' title='bbox 258 3752 372 3820; x_wconf 90' lang='lat' dir='ltr'>eadem</span> <span class='ocrx_word' id='word_1_267' title='bbox 388 3751 596 3838; x_wconf 89' lang='lat' dir='ltr'>possessione</span> <span class='ocrx_word' id='word_1_268' title='bbox 612 3752 707 3820; x_wconf 91' lang='lat' dir='ltr'>Wdol</span> <span class='ocrx_word' id='word_1_269' title='bbox 734 3752 833 3820; x_wconf 89' lang='lat' dir='ltr'>nobili</span> <span class='ocrx_word' id='word_1_270' title='bbox 859 3753 930 3820; x_wconf 88' lang='lat' dir='ltr'>uiro</span> <span class='ocrx_word' id='word_1_271' title='bbox 956 3753 1127 3820; x_wconf 92' lang='lat' dir='ltr'>Dominico</span> 
     </span>
     <span class='ocr_line' id='line_1_33' title="bbox 1 3843 1127 3948; baseline 0.004 -26"><span class='ocrx_word' id='word_1_272' title='bbox 1 3898 2 3934; x_wconf 52' lang='lat'>,</span> <span class='ocrx_word' id='word_1_273' title='bbox 1 3843 151 3937; x_wconf 72' lang='lat' dir='ltr'>Magistro</span> <span class='ocrx_word' id='word_1_274' title='bbox 166 3861 423 3929; x_wconf 82' lang='lat' dir='ltr'>Tauarnicorum</span> <span class='ocrx_word' id='word_1_275' title='bbox 438 3867 621 3928; x_wconf 90' lang='lat' dir='ltr'>nostrorum</span> <span class='ocrx_word' id='word_1_276' title='bbox 636 3860 754 3929; x_wconf 88' lang='lat' dir='ltr'>dilecto</span> <span class='ocrx_word' id='word_1_277' title='bbox 772 3867 805 3927; x_wconf 91' lang='lat' dir='ltr'>ct</span> <span class='ocrx_word' id='word_1_278' title='bbox 820 3859 910 3928; x_wconf 87' lang='lat' dir='ltr'>fideli</span> <span class='ocrx_word' id='word_1_279' title='bbox 929 3866 1039 3929; x_wconf 90' lang='lat' dir='ltr'>nostro</span> <span class='ocrx_word' id='word_1_280' title='bbox 1055 3881 1127 3948; x_wconf 92' lang='lat' dir='ltr'>pro-</span> 
     </span>
     <span class='ocr_line' id='line_1_34' title="bbox 1 3960 1127 4059; baseline 0.003 -30"><span class='ocrx_word' id='word_1_281' title='bbox 1 3970 2 4054; x_wconf 70' lang='lat'>}</span> <span class='ocrx_word' id='word_1_282' title='bbox 22 3960 111 4040; x_wconf 84' lang='lat' dir='ltr'>uidere</span> <span class='ocrx_word' id='word_1_283' title='bbox 123 3970 279 4059; x_wconf 90' lang='lat' dir='ltr'>nolentes,</span> <span class='ocrx_word' id='word_1_284' title='bbox 295 3969 432 4036; x_wconf 85' lang='lat' dir='ltr'>eandem</span> <span class='ocrx_word' id='word_1_285' title='bbox 448 3970 686 4054; x_wconf 86' lang='lat' dir='ltr'>possessionem</span> <span class='ocrx_word' id='word_1_286' title='bbox 703 3968 787 4036; x_wconf 90' lang='lat' dir='ltr'>Vdol</span> <span class='ocrx_word' id='word_1_287' title='bbox 804 3969 865 4035; x_wconf 90' lang='lat' dir='ltr'>sub</span> <span class='ocrx_word' id='word_1_288' title='bbox 882 3969 992 4054; x_wconf 91' lang='lat' dir='ltr'>speeie</span> <span class='ocrx_word' id='word_1_289' title='bbox 1016 3969 1127 4050; x_wconf 88' lang='lat' dir='ltr'>gracie</span> 
     </span>
     <span class='ocr_line' id='line_1_35' title="bbox 23 4068 1128 4162; baseline 0.01 -31.785"><span class='ocrx_word' id='word_1_290' title='bbox 23 4068 254 4160; x_wconf 83' lang='lat' dir='ltr'>etbenignitatis</span> <span class='ocrx_word' id='word_1_291' title='bbox 269 4085 377 4145; x_wconf 89' lang='lat' dir='ltr'>nostre</span> <span class='ocrx_word' id='word_1_292' title='bbox 392 4079 495 4162; x_wconf 85' lang='lat' dir='ltr'>Regia</span> <span class='ocrx_word' id='word_1_293' title='bbox 510 4079 553 4145; x_wconf 88' lang='lat' dir='ltr'>ab</span> <span class='ocrx_word' id='word_1_294' title='bbox 582 4077 695 4144; x_wconf 90' lang='lat' dir='ltr'>eodem</span> <span class='ocrx_word' id='word_1_295' title='bbox 706 4076 832 4144; x_wconf 77' lang='lat' dir='ltr'>Gemite</span> <span class='ocrx_word' id='word_1_296' title='bbox 843 4077 985 4143; x_wconf 87' lang='lat' dir='ltr'>Martino</span> <span class='ocrx_word' id='word_1_297' title='bbox 1008 4076 1128 4161; x_wconf 89' lang='lat' dir='ltr'>recepi·</span> 
     </span>
     <span class='ocr_line' id='line_1_36' title="bbox 1 4175 1128 4270; baseline 0.004 -24"><span class='ocrx_word' id='word_1_298' title='bbox 1 4175 85 4266; x_wconf 73' lang='lat' dir='ltr'>{mus</span> <span class='ocrx_word' id='word_1_299' title='bbox 99 4179 196 4266; x_wconf 87' lang='lat' dir='ltr'>ipsam</span> <span class='ocrx_word' id='word_1_300' title='bbox 222 4185 328 4253; x_wconf 90' lang='lat' dir='ltr'>eidem</span> <span class='ocrx_word' id='word_1_301' title='bbox 354 4183 512 4269; x_wconf 88' lang='lat' dir='ltr'>Magistro</span> <span class='ocrx_word' id='word_1_302' title='bbox 537 4183 708 4251; x_wconf 91' lang='lat' dir='ltr'>Dominico</span> <span class='ocrx_word' id='word_1_303' title='bbox 733 4191 891 4270; x_wconf 90' lang='lat' dir='ltr'>perpetuo</span> <span class='ocrx_word' id='word_1_304' title='bbox 917 4181 1128 4252; x_wconf 86' lang='lat' dir='ltr'>conferentes.</span> 
     </span>
     <span class='ocr_line' id='line_1_37' title="bbox 25 4281 1123 4380; baseline 0.004 -27"><span class='ocrx_word' id='word_1_305' title='bbox 25 4281 53 4348; x_wconf 87' lang='lat' dir='ltr'>ln</span> <span class='ocrx_word' id='word_1_306' title='bbox 64 4290 142 4358; x_wconf 86' lang='lat' dir='ltr'>unius</span> <span class='ocrx_word' id='word_1_307' title='bbox 155 4294 371 4380; x_wconf 89' lang='lat' dir='ltr'>possessionis</span> <span class='ocrx_word' id='word_1_308' title='bbox 387 4295 723 4380; x_wconf 89' lang='lat' dir='ltr'>recompensacionem</span> <span class='ocrx_word' id='word_1_309' title='bbox 740 4291 884 4380; x_wconf 85' lang='lat' dir='ltr'>prefatus</span> <span class='ocrx_word' id='word_1_310' title='bbox 901 4293 1016 4360; x_wconf 84' lang='lat' dir='ltr'>Comes</span> <span class='ocrx_word' id='word_1_311' title='bbox 1039 4292 1123 4357; x_wconf 88' lang='lat' dir='ltr'>Mar-</span> 
     </span>
     <span class='ocr_line' id='line_1_38' title="bbox 1 4385 1127 4486; baseline 0.005 -28"><span class='ocrx_word' id='word_1_312' title='bbox 1 4385 2 4422; x_wconf 63' lang='lat'>³</span> <span class='ocrx_word' id='word_1_313' title='bbox 26 4389 92 4460; x_wconf 81' lang='lat' dir='ltr'>tinus</span> <span class='ocrx_word' id='word_1_314' title='bbox 105 4417 124 4463; x_wconf 91' lang='lat' dir='ltr'>a</span> <span class='ocrx_word' id='word_1_315' title='bbox 137 4401 230 4470; x_wconf 91' lang='lat' dir='ltr'>nobis</span> <span class='ocrx_word' id='word_1_316' title='bbox 244 4398 458 4472; x_wconf 88' lang='lat' dir='ltr'>Patronatum</span> <span class='ocrx_word' id='word_1_317' title='bbox 473 4421 532 4469; x_wconf 88' lang='lat' dir='ltr'>seu</span> <span class='ocrx_word' id='word_1_318' title='bbox 543 4401 599 4486; x_wconf 90' lang='lat' dir='ltr'>jus</span> <span class='ocrx_word' id='word_1_319' title='bbox 614 4401 810 4468; x_wconf 90' lang='lat' dir='ltr'>Patronatus</span> <span class='ocrx_word' id='word_1_320' title='bbox 826 4397 1012 4484; x_wconf 87' lang='lat' dir='ltr'>Monasterij</span> <span class='ocrx_word' id='word_1_321' title='bbox 1024 4396 1127 4465; x_wconf 89' lang='lat' dir='ltr'>nostri</span> 
     </span>
     <span class='ocr_line' id='line_1_39' title="bbox 35 4495 1128 4595; baseline 0.005 -29"><span class='ocrx_word' id='word_1_322' title='bbox 35 4495 153 4574; x_wconf 83' lang='lat' dir='ltr'>Sunlcw</span> <span class='ocrx_word' id='word_1_323' title='bbox 182 4508 215 4578; x_wconf 91' lang='lat' dir='ltr'>iu</span> <span class='ocrx_word' id='word_1_324' title='bbox 246 4509 371 4578; x_wconf 90' lang='lat' dir='ltr'>honore</span> <span class='ocrx_word' id='word_1_325' title='bbox 390 4510 484 4578; x_wconf 85' lang='lat' dir='ltr'>Beati</span> <span class='ocrx_word' id='word_1_326' title='bbox 508 4508 672 4594; x_wconf 86' lang='lat' dir='ltr'>Lamperti</span> <span class='ocrx_word' id='word_1_327' title='bbox 692 4505 877 4595; x_wconf 89' lang='lat' dir='ltr'>constituti,</span> <span class='ocrx_word' id='word_1_328' title='bbox 902 4505 1046 4591; x_wconf 87' lang='lat' dir='ltr'>contigui</span> <span class='ocrx_word' id='word_1_329' title='bbox 1071 4524 1128 4573; x_wconf 89' lang='lat' dir='ltr'>scu</span> 
     </span>
     <span class='ocr_line' id='line_1_40' title="bbox 1 4602 1257 4726; baseline 0.006 -54"><span class='ocrx_word' id='word_1_330' title='bbox 1 4699 2 4726; x_wconf 14' lang='grc' dir='ltr'><em>Χ</em></span> <span class='ocrx_word' id='word_1_331' title='bbox 31 4604 109 4676; x_wconf 81' lang='lat' dir='ltr'>ricini</span> <span class='ocrx_word' id='word_1_332' title='bbox 123 4609 313 4686; x_wconf 84' lang='lat' dir='ltr'>hereditarie</span> <span class='ocrx_word' id='word_1_333' title='bbox 328 4615 525 4705; x_wconf 86' lang='lat' dir='ltr'>possessioni</span> <span class='ocrx_word' id='word_1_334' title='bbox 541 4615 687 4684; x_wconf 88' lang='lat' dir='ltr'>eiusdem</span> <span class='ocrx_word' id='word_1_335' title='bbox 704 4613 836 4682; x_wconf 80' lang='lat' dir='ltr'>Comitis</span> <span class='ocrx_word' id='word_1_336' title='bbox 858 4611 990 4682; x_wconf 85' lang='lat' dir='ltr'>Martini</span> <span class='ocrx_word' id='word_1_337' title='bbox 1014 4613 1127 4682; x_wconf 87' lang='lat' dir='ltr'>Dewe·</span> <span class='ocrx_word' id='word_1_338' title='bbox 1253 4602 1257 4611; x_wconf 81' lang='grc'>’</span> 
     </span>
    </p>
   </div>
   <div class='ocr_carea' id='block_1_3' title="bbox 0 0 3 1097">
    <p class='ocr_par' dir='ltr' id='par_1_3' title="bbox 0 0 3 1097">
     <span class='ocr_line' id='line_1_41' title="bbox 0 0 3 1097; baseline 0 0"><span class='ocrx_word' id='word_1_339' title='bbox 0 0 3 1097; x_wconf 95' lang='lat' dir='ltr'> </span> 
     </span>
    </p>
   </div>
   <div class='ocr_carea' id='block_1_4' title="bbox 0 0 1571 5194">
    <p class='ocr_par' dir='ltr' id='par_1_4' title="bbox 0 0 1571 5194">
     <span class='ocr_line' id='line_1_42' title="bbox 0 0 1571 5194; baseline 0 0"><span class='ocrx_word' id='word_1_340' title='bbox 0 0 1571 5194; x_wconf 95' lang='lat' dir='ltr'> </span> 
     </span>
    </p>
   </div>
  </div>
 </body>
</html>
