3132 5192
637 253 677 333 t1

85 459 175 526 cium
196 459 426 546 significamus
442 437 559 544 quibus
575 459 707 545 expedit
738 461 916 527 vniuersis:
941 460 1026 545 quod
1043 481 1115 528 cum
1131 484 1228 550 super

81 569 361 650 possessionibus
384 566 520 634 Comitis
552 566 684 651 Georgij
703 567 759 652 filij
777 567 865 633 Petri
882 567 923 634 de
939 567 1077 654 Sumus,
1094 571 1226 637 Comitis

82 673 255 759 Nicotay‚
271 675 422 758 Magistri
445 675 569 740 Thomc
578 724 588 759 ,
621 673 755 740 Comitis
781 674 940 740 Johanois
957 681 990 740 et
1004 676 1153 757 Magistri
1168 678 1225 744 Mi-

81 781 217 848 chaelis
237 781 373 849 fratrum
390 802 519 848 suorum
545 781 587 846 de
603 781 818 862 generaciono
837 789 956 868 nostra,
973 783 1158 849 uolentibus
1175 781 1222 866 ip·

83 891 129 956 sis
154 896 191 956 et
210 889 529 973 assumpmentibus,
563 887 756 954 diuisionem
782 890 931 972 equalem
958 889 1150 957 fecissemus
1166 891 1224 957 tali

83 983 195 1080 modo,
213 997 307 1080 qnod
323 1018 344 1062 a
358 1003 450 1082 parte
467 993 660 1063 occidentali
677 997 764 1062 ultra
789 997 921 1063 fluuium
937 997 1073 1063 Harnad
1097 1015 1225 1082 posses·

82 1103 197 1167 aiones
215 1104 364 1187 ipsorum
381 1123 452 1169 oum
478 1103 626 1168 omnibus
657 1101 731 1190 suis
741 1102 936 1168 utilitatibus
962 1109 993 1169 ot
1009 1103 1092 1170 villa
1106 1102 1224 1170 Lemcs

85 1208 275 1276 cessissent
300 1209 415 1276 Comiti
440 1211 579 1293 Georgio
610 1209 705 1275 fratri
730 1209 872 1295 ipsorum
897 1209 1114 1294 possidende;
1145 1211 1224 1278 item

83 1319 167 1384 villa
183 1318 282 1386 cous
300 1325 331 1384 u
348 1319 444 1384 sune
460 1317 575 1384 comitr
592 1301 728 1384 ritorto
744 1317 895 1384 similiter
910 1339 982 1384 cum
999 1318 1145 1384 omnious
1161 1318 1222 1383 uo-

84 1424 239 1490 litatibus
258 1425 345 1507 suis;
372 1427 451 1490 item
467 1425 623 1508 Magistro
641 1425 764 1490 Thome
787 1423 867 1490 villa
898 1425 998 1490 Balar
1015 1431 1047 1490 et
1062 1423 1152 1489 Puch
1170 1445 1222 1490 ro·

85 1536 157 1595 cate
174 1530 222 1595 ad
241 1552 334 1598 suam
350 1531 556 1616 porcionem3
588 1532 666 1597 item
683 1530 789 1598 cidem
805 1531 946 1600 Johanni
965 1531 1046 1598 uitis
1061 1530 1221 1597 Bodcmer

86 1637 192 1704 Maior
209 1647 245 1704 et
270 1638 376 1704 Minor
401 1639 561 1704 Bodomer
588 1645 704 1704 uocate
729 1639 773 1704 ad
801 1659 893 1705 suam
920 1638 1123 1722 porcioncm;
1143 1637 1221 1703 item

86 1743 244 1810 Michaeti
260 1743 418 1827 Magistro
440 1745 555 1809 minori
572 1745 665 1810 fratri
691 1745 834 1829 ipsorum
859 1744 940 1811 uilla
955 1743 1093 1829 Boretcy
1110 1751 1142 1810 et
1162 1747 1236 1812 Te·

88 1851 186 1935 rehey
205 1856 324 1916 uocate
339 1850 487 1918 similiter
503 1871 574 1916 oum
591 1853 661 1917 suis
686 1850 894 1936 pcrtinenoijs
919 1851 1095 1917 cessissent
1115 1853 1235 1935 possi--

90 1955 217 2039 dende;
237 1957 273 2022 in
288 1955 370 2021 uitta
386 1963 494 2023 autem
522 1959 638 2025 Sumus
656 1958 736 2043 ipsis
751 1958 894 2040 quinque
910 1955 1065 2023 fratribus
1089 1957 1220 2024 cuilibet

7 2069 10 2082 '
87 2061 200 2128 decem
214 2062 401 2129 mansiones
413 2064 574 2146 equaliter
589 2064 763 2130 diuidendo
779 2065 965 2130 cessissent.
982 2065 1131 2131 Tandem
1148 2073 1222 2148 post
1271 2043 1280 2064 ¹

91 2177 226 2235 mortem
246 2168 384 2254 predicti
410 2169 556 2252 Magistri
573 2171 694 2238 Thome
711 2191 808 2256 super
823 2171 1007 2255 porcionem
1030 2191 1120 2238 suam
1156 2171 1219 2236 tra-

91 2283 153 2341 tros
179 2277 287 2361 ipsius
313 2277 553 2343 contessionem
578 2278 767 2344 habuerunt.
785 2279 854 2344 Nos
870 2285 977 2344 autem
999 2283 1219 2360 procurantes,

7 2369 9 2386 ³
92 2388 125 2448 ut
140 2403 181 2448 ne
192 2403 317 2465 magna
331 2384 457 2450 zizania
473 2384 555 2450 inter
571 2385 660 2468 ipsos
676 2385 786 2450 ualeat
801 2383 950 2468 generari
970 2404 1027 2450 seu
1045 2383 1130 2466 oriri,
1147 2401 1218 2467 par·

7 2547 14 2576 ,ἢ
91 2487 173 2556 tibus
191 2491 380 2558 uolentibus
396 2500 428 2558 et
445 2493 737 2576 assumpmentibus
755 2492 995 2560 ordinauimns:
1023 2499 1056 2556 rt
1072 2493 1143 2577 ipse
1160 2492 1219 2558 00-

93 2616 156 2663 mes
172 2597 341 2663 Johannes
357 2618 415 2682 pro
425 2599 575 2682 porcione
586 2617 656 2684 sua,
674 2617 770 2680 quam
787 2598 898 2664 habuit
914 2597 948 2662 in
966 2597 1092 2680 Sumus,
1111 2604 1143 2662 et
1160 2615 1216 2680 pro

93 2709 159 2768 totu
175 2704 328 2787 porcione
343 2704 479 2787 predicti
494 2704 643 2792 Magistri
675 2705 816 2790 Thomo,
851 2703 972 2769 habeat
997 2708 1029 2769 et
1044 2703 1219 2788 possideat,

7 2793 9 2870 ἶ
94 2809 173 2874 sicut
198 2831 220 2875 a
253 2813 346 2877 nobis
365 2815 449 2878 bona
465 2813 633 2878 uoluntate
660 2813 728 2878 tisri
753 2811 951 2896 postulabat,
981 2809 1098 2877 uillam
1117 2809 1217 2896 Puoh,
1298 2865 1301 2870 ,

97 2935 155 2999 que
171 2925 242 2984 erat
258 2919 291 2984 in
307 2919 458 3003 porcione
488 2919 637 3002 Magistri
661 2919 734 3001 Th„
760 2918 828 2983 alia
852 2923 960 2982 autem
991 2917 1099 3002 porcio
1114 2914 1218 3002 ipsius

96 3021 241 3107 Magistri
273 3024 396 3094 Thome
412 3027 510 3094 cessit
526 3026 601 3109 alijs
626 3025 779 3093 fratribus
795 3025 863 3092 suis
880 3029 1036 3109 perpetuo
1053 3031 1084 3088 et
1099 3023 1218 3090 irreuo-

98 3129 240 3196 ostiliter
256 3132 462 3216 possidenda.
496 3135 616 3200 Datum
644 3135 678 3200 in
703 3134 830 3200 Zotrola
861 3133 894 3196 in
920 3133 1002 3198 festo
1027 3131 1218 3197 Natiuitatis

61 3271 64 3281 ·
96 3233 235 3318 Virginis
262 3238 413 3307 Gloriose
429 3259 514 3307 anno
529 3241 662 3308 Domini
694 3241 738 3307 Μο
754 3239 975 3306 ducentesimo
990 3237 1217 3320 octuagesimo.

99 3428 232 3490 (Ersdotic
245 3432 421 3500 bttrhirtytin,
435 3451 452 3487 a
464 3428 540 3484 httcl
554 3432 606 3482 oda
619 3440 743 3507 nyomctt
755 3432 850 3501 pscsdt
862 3435 1011 3496 stressctt3
1027 3449 1043 3485 a
1056 3433 1141 3486 budsi
1165 3393 1215 3488 trit.¹

487 3526 609 3578 kamarsi
633 3522 822 3590 lovdltdrbttn·)
