3132 5192
365 1137 430 1204 Hi.
448 1137 560 1206 Errdre
575 1141 686 1226 kirtly
702 1141 880 1226 meyerb'sr'tu'
896 1163 916 1202 a
933 1141 1120 1225 nyulazipett
1134 1140 1367 1223 apuczazctrdal
1392 1139 1478 1223 πέμπ’-
1550 1091 1551 1170 ἶ

584 1248 645 1312 usk
661 1248 895 1332 ttirvdaykeztau'
911 1246 1146 1331 azahadsripuit.
1166 1248 1265 1313 1293.
1549 1215 1551 1274 Ψ

468 1441 535 1508 Nos
551 1441 698 1510 Andreas
723 1440 784 1510 Dei
801 1443 915 1528 graeia
941 1444 1010 1510 Rex
1035 1442 1201 1525 Hungarie
1226 1440 1382 1508 memorie
1404 1460 1475 1505 eum·
1549 1431 1551 1506 t

361 1547 552 1616 mundantes
568 1549 790 1634 significamus
807 1549 923 1634 quibus
940 1549 1074 1635 expedit
1099 1549 1270 1629 uniuersis,
1300 1547 1388 1633 quud
1411 1546 1476 1611 Fra·
1549 1539 1551 1592 ³

361 1662 426 1724 tres
442 1653 668 1724 Predieatores
685 1658 832 1724 Ecclesia
849 1657 950 1724 Beate
976 1655 1120 1740 Virginis
1137 1656 1285 1724 Gloriose
1312 1654 1355 1721 de
1379 1653 1477 1720 insula
1500 1705 1504 1715 .

359 1761 402 1830 ad
417 1771 562 1832 nostram
579 1763 774 1832 aecedentes
790 1765 993 1850 presenciam
1011 1763 1227 1832 exhibuerunt
1243 1764 1340 1832 nobis
1364 1763 1478 1829 litteras

224 1945 229 1952 ,
361 1869 483 1937 domini
514 1871 661 1938 Ladiniai
687 1872 854 1940 karissimi
882 1870 991 1938 fratris
1018 1872 1121 1939 nestri
1146 1873 1303 1958 patruelis
1331 1875 1479 1957 patentes,

360 1978 527 2046 coniectae
543 1999 641 2064 snper
655 1979 808 2046 libertate
825 1982 1018 2067 populorum
1035 2001 1091 2047 seu
1109 1979 1321 2064 iobagionum
1346 1973 1478 2044 Euelesie

362 2095 558 2174 memorate;
574 2093 730 2175 petentes,
749 2095 783 2156 ut
800 2108 859 2155 nos
876 2090 1005 2156 easdem
1038 2097 1129 2155 ratas
1155 2089 1285 2176 habere,
1314 2095 1349 2156 et
1371 2083 1478 2153 nostris

365 2191 574 2277 dignaremur
605 2194 725 2262 litteris
750 2195 939 2280 patentibus
966 2197 1164 2262 confirmare.
1191 2195 1339 2274 Quarum
1364 2191 1477 2277 quiden

367 2299 544 2367 litterarum
561 2309 653 2369 tenor
668 2301 744 2370 talis
760 2303 829 2369 est:

274 2461 276 2467 .
469 2409 642 2477 Ladizlaus
668 2409 707 2474 D.
734 2429 783 2492 gr.
809 2413 879 2476 Rex
911 2410 1078 2494 Hungarie
1107 2408 1168 2476 stb.
1200 2407 1410 2497 (kbvetkenik
1431 2404 1475 2470 lv.
1535 2401 1538 2408 '

364 2515 483 2583 Luszlu
516 2517 693 2603 kirtlynak
711 2518 846 2586 1290-ki
862 2519 1027 2604 okmbnya
1042 2518 1123 2584 mint
1138 2516 1418 2604 gyttjtemtnyttnk
1431 2509 1477 2578 IX.

360 2623 476 2709 vagyis
492 2645 513 2689 a
537 2625 686 2692 misodik
702 2627 823 2712 folyam
841 2625 894 2692 IV.
912 2627 1089 2694 kbteteben
1105 2629 1182 2695 521.
1199 2625 1237 2713 l.)

471 2730 539 2798 Nus
556 2733 655 2817 igitur
671 2734 886 2819 peticionibus
903 2735 1047 2820 ipsorum
1073 2734 1223 2801 Fratrum
1249 2733 1474 2800 Predteatnrun

359 2836 585 2906 fauorabiliter
603 2841 763 2928 inelinati,
781 2841 870 2927 ipsas
887 2840 1014 2908 litteras
1030 2845 1178 2926 patentes
1196 2847 1289 2907 ratas
1316 2839 1474 2906 habuimus

360 2949 391 3010 et
411 2953 574 3031 aceeptus,
592 2956 625 3014 et
641 2948 771 3016 eusdem
789 2951 828 3015 de
844 2951 942 3016 uerbo
959 2949 1002 3014 ad
1019 2950 1153 3016 uerbum
1170 2949 1376 3035 presentibus
1387 2939 1472 3012 inseri

364 3051 526 3141 faciendo,
544 3057 738 3123 anctoritate
755 3057 955 3142 presencium
981 3058 1131 3124 duximus
1148 3057 1397 3124 confirmandas.
1420 3053 1473 3116 Dt-

359 3167 429 3228 tum
446 3161 537 3228 Bude
553 3163 634 3228 feris
651 3169 744 3232 sexta
759 3165 907 3250 proxima
921 3171 998 3232 ante
1015 3164 1238 3250 Pentecosten,
1256 3186 1343 3233 anuo
1360 3157 1473 3226 Dumiui

363 3265 484 3334 ΜῦΟΟο
500 3273 709 3356 nonagesimo
725 3273 833 3339 tereio.

360 3463 498 3526 <Eredetie
520 3465 694 3532 bttrhtrtytm
707 3482 724 3518 a
737 3465 813 3520 httr‘rl
826 3469 877 3520 oda
898 3467 1178 3536 nyomottpeesbtnek
1198 3467 1328 3520 tbredtke
1350 3476 1472 3530 megrmt

665 3571 682 3606 a
695 3558 779 3609 budai
792 3559 843 3612 isit.
857 3559 981 3610 kamarai
993 3555 1183 3624 lsvtlttrban.)

819 3844 1027 3858 ,.-—-...-..
