3124 5194
532 361 690 464 Q

43 564 230 648 clispiscopi
261 561 505 648 Strigonicnsis,
523 559 638 628 eodcrn
655 557 787 625 domino
804 564 837 625 ct
852 556 1042 624 Reverendo
1069 564 1163 642 patre

43 674 73 740 B.
86 669 257 758 Episcopo,
291 677 498 757 procuratore
530 677 639 735 nostro
664 667 708 736 ad
733 667 794 734 hoc
818 667 1003 753 specialiter
1028 663 1160 732 anobis

42 779 213 862 constituto,
232 779 366 846 nomine
382 797 441 844 suo
458 783 490 843 ct
505 786 614 845 nostro
632 775 748 844 fuisset
762 775 967 861 propositum
978 801 986 841 :
997 772 1082 859 quod
1093 793 1164 859 prc-

42 889 112 956 dictc
128 886 310 953 decime-et
326 885 473 952 uisitacio
489 885 655 972 synodalis
672 885 706 950 id
722 883 797 972 (lgy
809 880 893 971 ,ad“
906 881 1043 970 helyett)
1054 881 1163 966 ipsum

41 1003 67 1063 ct
80 1015 134 1061 nos
150 996 194 1061 de
211 997 287 1061 iure
304 1001 336 1061 et
351 995 425 1079 lege
441 992 628 1080 dyocesana
644 999 676 1061 et
702 993 772 1059 iure
797 990 939 1077 Capituli
962 991 1161 1076 pertineret;

41 1126 89 1193 per
102 1102 271 1190 predictos
288 1109 396 1168 antem
408 1103 566 1186 plebanos
581 1102 615 1167 in
631 1101 826 1168 contrarium
842 1100 1003 1167 extitisset
1013 1099 1160 1182 relatum,

41 1215 114 1298 qnod
128 1213 283 1298 predicte
299 1213 424 1280 decime
439 1221 470 1278 ct
486 1213 637 1280 uisitaeio
655 1209 791 1297 Concilij
820 1211 863 1277 ad
878 1210 1058 1276 Ecclesiam
1086 1209 1164 1274 Stri-

41 1322 217 1406 goniensem
234 1321 427 1408 pertineret,
454 1342 527 1388 cum
543 1321 693 1388 Ecclesia
717 1319 954 1404 Strigoniensis
979 1317 1064 1382 benc
1089 1335 1159 1403 pre·

47 1431 218 1514 rogatiuem
236 1451 280 1496 cx
305 1429 478 1515 priuilegio
504 1436 537 1496 et
562 1429 696 1515 antiqua
721 1425 953 1496 consuetudine
984 1423 1164 1510 prescripta

42 1539 148 1603 hebere
164 1535 388 1623 dignoscetur,
406 1535 493 1620 quod
508 1557 621 1605 omnes
637 1537 783 1604 Ecclesie
803 1542 835 1600 ct
865 1533 998 1618 Capellc
1022 1532 1162 1616 Regales

44 1665 93 1712 scu
106 1645 299 1733 Reginales,
316 1646 503 1712 earumdem
519 1645 653 1732 plebani
670 1654 702 1712 et
727 1649 867 1710 rectores
884 1643 999 1727 plenas
1024 1638 1165 1706 decimas

42 1753 228 1821 inomnibus
245 1755 391 1822 debeant
404 1753 570 1839 percipere
587 1759 619 1820 et
635 1754 763 1836 babere,
780 1759 815 1819 et
831 1750 1008 1818 Concilium
1033 1746 1163 1814 Anchie-

44 1862 154 1948 piscopi
171 1862 331 1950 visitare,
348 1883 524 1949 superque
541 1862 645 1930 eciam
661 1861 870 1947 priuilegium
886 1859 1082 1926 venerabilis
1108 1876 1163 1940 pa-

27 1971 91 2062 tris
101 1969 221 2036 domini
237 1971 411 2037 Lodomeri
421 1971 666 2056 Archiepiscopi
677 1970 797 2036 Sancte
809 1967 1041 2052 strigoniensis
1053 1964 1164 2031 Eccle-

42 2079 80 2142 sic
94 2079 124 2144 in
139 2077 284 2144 medium
301 2079 532 2164 produxerunt.
549 2077 619 2157 Quo
630 2078 759 2163 qbidcm
771 2078 943 2161 priuilegio
961 2075 1032 2142 viso
1048 2081 1080 2138 et
1093 2090 1164 2159 per-

46 2186 124 2273 lecto,
139 2193 171 2252 ct
187 2188 318 2253 auditis
335 2195 367 2253 et
383 2187 563 2271 intellectis,
580 2207 643 2271 quc
659 2187 733 2256 hinc
749 2187 826 2254 inde
845 2183 954 2253 dicere
970 2190 1003 2250 et
1018 2184 1164 2264 allegare

47 2293 201 2380 uolebant,
219 2296 312 2362 idem
327 2295 538 2364 Reuerendus
552 2297 586 2362 in
603 2295 731 2364 Christo
749 2301 846 2381 pater
876 2301 908 2360 et
940 2291 1088 2360 dominus
1121 2289 1159 2356 B.

48 2401 211 2488 Episcopus
228 2411 263 2470 et
280 2411 476 2490 procurator
490 2411 600 2473 noster
624 2406 813 2493 premissus,
838 2407 909 2472 iuro
934 2399 1162 2485 compromissi

49 2510 113 2576 inibi
141 2532 252 2580 coram
277 2512 469 2581 Reuerendo
495 2514 646 2600 Capitulo
670 2513 817 2581 Ecclesie
848 2509 1094 2595 strigoniensis,
1124 2527 1164 2574 ao

50 2617 225 2700 quibusdem
243 2621 387 2687 Prolatis
403 2621 525 2688 ibidem
541 2623 760 2708 presentibus,
774 2621 905 2688 nominc
921 2639 980 2688 suo
996 2625 1028 2686 et
1055 2623 1163 2685 nostro

49 2726 222 2796 elEcelesie
238 2729 504 2816 wesprimiensis
529 2730 629 2799 cessit
655 2729 846 2817 voluntarie,
874 2736 906 2796 et
931 2728 1033 2794 libere
1058 2726 1162 2794 eciam

49 2836 233 2902 renunciauit
245 2839 336 2904 omni
352 2838 478 2904 aoeioni
495 2847 526 2904 ct
542 2838 626 2926 iuri,
644 2859 701 2906 seu
727 2838 779 2904 liti
796 2858 893 2921 quam
918 2842 1075 2921 moneret,
1102 2854 1161 2902 scu

48 2958 158 3009 nouere
173 2944 388 3032 intendebat,
404 2947 596 3032 promittens
612 2965 671 3013 suo
697 2953 729 3014 ct
753 2954 863 3014 nostro
890 2945 1029 3030 nomine,
1055 2941 1160 3028 tactis,

50 3045 216 3136 interposito
234 3056 328 3139 ligno
343 3054 467 3121 Sancto
483 3055 605 3143 crucis,
621 3055 839 3123 sacrosanctis
855 3051 1061 3139 ewangelijs,
1071 3049 1158 3117 affir·

50 3173 125 3224 nans
138 3161 272 3228 firmiter
289 3171 322 3228 et
337 3183 572 3250 assumpmcns,
590 3163 675 3247 quod
691 3163 732 3230 de
749 3170 856 3231 cetero
866 3183 927 3248 per
942 3161 1050 3248 ipsum
1062 3165 1094 3227 et
1104 3179 1163 3245 per

52 3281 98 3330 nos
113 3271 142 3367 et
163 3289 369 3339 successores
395 3280 534 3360 nostros,
560 3273 681 3340 eisdem
705 3273 855 3360 plebanis
881 3291 979 3358 super
1004 3269 1163 3356 predictis

54 3369 167 3442 decimis
183 3385 215 3444 ct
231 3379 426 3448 nisitacione
451 3378 587 3464 Concilij
613 3381 704 3448 nulla
728 3380 898 3447 contencio
923 3377 1080 3463 inchoari,
1106 3397 1163 3446 scu

52 3475 85 3542 lis
98 3481 202 3567 aliqua
216 3487 258 3552 de
276 3487 345 3555 iure
363 3491 414 3556 vel
431 3488 472 3555 de
487 3490 573 3556 facto
590 3490 710 3556 debeat
725 3488 872 3556 suscitari
885 3512 892 3575 3
911 3495 942 3554 et
957 3488 998 3576 si,
1008 3485 1096 3573 qnod
1107 3487 1164 3554 ab·

56 3584 96 3664 sit,
111 3609 187 3660 ausu
201 3597 374 3664 temerario
391 3618 451 3682 peu
466 3597 605 3664 eundem
621 3596 786 3664 dominnm
811 3597 1039 3665 Reuerendum
1066 3596 1158 3683 Epis·

56 3709 163 3787 ttpnm,
178 3721 235 3772 seu
250 3725 311 3790 per
325 3725 385 3772 nos
402 3711 434 3772 ct
451 3723 654 3774 successores
676 3711 813 3792 nostros,
831 3725 984 3792 processu
1009 3705 1164 3792 temporis

58 3801 159 3873 eisdem
174 3810 332 3899 plebanis,
350 3820 406 3880 aut
422 3833 532 3880 eorum
548 3813 797 3894 successoribus,
816 3834 912 3899 super
929 3811 1082 3902 predictis
1108 3813 1159 3879 de·

58 3907 133 3979 almis
147 3922 177 3980 et
191 3918 381 3986 uisitscione
397 3919 534 4005 Concilij
552 3921 593 3988 lis
610 3923 721 4007 aliqua
736 3930 937 4007 moueretur;
956 3929 1074 3988 extunc
1084 3925 1162 3986 ante

58 4011 113 4084 litis
127 4020 311 4114 ingressum,
328 4030 452 4114 absque
469 4029 555 4096 omni
571 4031 769 4115 exeepcione
787 4030 909 4096 eisdem
926 4029 1159 4115 plebanis,scn

61 4140 148 4195 eornm
162 4136 407 4224 successoribus,
425 4139 582 4205 ducentas
597 4158 724 4206 marcas
740 4139 810 4225 puri
828 4137 953 4222 argenti
970 4138 1099 4202 soluere
1115 4143 1161 4200 tc·

61 4245 196 4327 ueremur,
212 4252 244 4312 et
260 4266 299 4313 eo
314 4244 385 4332 ipso
402 4246 489 4312 sacto
505 4246 734 4312 nichilominus
751 4253 843 4313 reatu
867 4243 1001 4332 periurij
1029 4247 1061 4308 ct
1085 4260 1164 4328 pon-

64 4335 124 4410 dere
138 4369 358 4433 premeremur.
376 4355 444 4422 Nos
462 4363 567 4421 antem
592 4355 710 4422 fuimus
737 4375 795 4440 per
820 4355 907 4439 ipsos
933 4351 1103 4438 plebanos,
1129 4355 1163 4417 et

63 4470 107 4532 per
120 4453 234 4530 litteras
249 4463 353 4551 ipsius
369 4463 512 4550 Capituli
528 4461 761 4546 strigoniensis
777 4461 937 4547 premissi,
953 4478 993 4526 ac
1010 4477 1160 4544 qnorum·

68 4555 126 4625 dam
139 4565 330 4637 Prelatorum
345 4591 441 4657 super
453 4571 542 4637 dicta
551 4571 798 4637 renunciaoione
809 4575 841 4634 et
851 4567 1009 4654 cessione,
1024 4585 1083 4631 seu
1092 4584 1163 4652 per·

67 4665 203 4764 ubsione,
227 4697 287 4764 per
313 4679 420 4765 ipsum
444 4677 671 4748 Reuerendum
697 4685 822 4764 patrem
848 4675 883 4741 B.
910 4677 1106 4767 Episcopum
1130 4683 1164 4746 et
