3180 5202
859 304 1019 406 Q„

374 501 534 574 Johanuis
551 509 584 569 et
600 503 696 584 Beer,
712 519 751 566 ac
768 502 898 569 dominc
914 502 1029 568 matris
1045 499 1219 569 eorundem
1229 500 1348 568 luisset
1358 503 1491 587 legitime

373 613 596 682 intromissus:
624 616 731 678 tamen
747 611 827 694 quin
857 609 998 676 Kernlus
1030 607 1130 675 frater
1162 609 1305 676 Rolandi
1339 609 1492 694 quondum

377 721 529 808 Episcopi
544 719 722 786 Bonnensis
745 719 851 804 ipsum
877 719 1070 803 Magistrum
1101 716 1208 784 Zoard
1238 717 1454 802 personaliter
1466 719 1495 784 in

377 830 481 898 nostri
506 829 676 914 presencia
691 827 860 893 inuentum
877 825 1053 912 prohibuit,
1067 824 1204 891 eandem
1221 844 1299 893 esse
1316 845 1408 893 suam
1422 847 1496 893 asse·

377 937 487 1023 rendc,
503 934 639 1004 eundern
665 935 853 1019 Magistrum
868 932 978 1000 Zoard
997 933 1031 998 in
1063 932 1307 1019 possessionem
1339 935 1497 1000 eorundem
1542 993 1546 1000 .

378 1047 515 1113 filiorum
531 1044 667 1112 Comitis
685 1042 813 1110 Andros
828 1049 860 1106 et
875 1041 1006 1108 domiue
1031 1042 1143 1107 matris
1159 1039 1311 1125 ipsorum
1329 1040 1445 1127 Boyna
1456 1062 1500 1108 ro

379 1161 452 1222 cate
468 1153 501 1218 iu
521 1153 635 1220 eodem
652 1149 817 1217 comitatu
835 1150 1006 1217 existentis
1022 1149 1084 1216 rite
1095 1149 1348 1216 transmisimus.
1369 1146 1431 1224 Qui
1444 1147 1500 1231 qni·

379 1260 452 1328 dem
468 1260 635 1341 Nicolans,
650 1255 808 1340 Andreas,
823 1255 991 1322 Johanncs
1009 1261 1040 1321 et
1056 1256 1146 1323 Bccx
1155 1306 1165 1343 ,
1192 1275 1232 1322 ao
1257 1254 1396 1322 domina
1411 1263 1500 1322 malm

378 1369 532 1455 ipsorum,
549 1385 608 1451 per
624 1363 799 1432 oitaciones
817 1364 986 1432 continuus
1003 1368 1035 1428 et
1048 1363 1309 1432 introduociones
1325 1366 1361 1430 in
1378 1361 1499 1430 candem

379 1473 617 1566 possessionem
633 1474 748 1557 Buyna
764 1472 875 1558 semel,
890 1471 942 1536 bis
966 1476 998 1536 et
1014 1471 1114 1536 tercio
1139 1470 1287 1555 legitime
1305 1470 1422 1556 sactae,
1437 1489 1498 1556 pro·

380 1583 583 1653 clamecione
613 1579 716 1646 eciem
733 1577 768 1644 in
799 1578 869 1646 loro
894 1577 1128 1664 strigoniensi,
1161 1578 1202 1644 de
1217 1579 1399 1646 Kornarnm
1422 1576 1502 1645 etde

379 1693 486 1761 Thale
502 1690 545 1756 ad
561 1687 716 1756 maiorem
733 1694 766 1753 et
781 1685 986 1754 huberiorem
1002 1685 1096 1752 buius
1112 1685 1240 1771 negooij
1258 1686 1426 1752 cantelam
1436 1683 1502 1771 pub

384 1801 444 1868 lice
460 1799 557 1884 facta,
573 1795 634 1863 inri
650 1814 765 1882 parere
781 1801 813 1859 ct
828 1794 935 1860 eidem
960 1794 1116 1877 Magistro
1136 1794 1242 1860 Zoard
1258 1793 1450 1861 satisfacere
1471 1793 1500 1858 in

380 1907 549 1996 premissis
579 1925 644 1972 non
662 1908 835 1986 curarunt,
868 1919 944 1985 ymo
975 1905 1143 1986 assumpto
1173 1899 1369 1968 rebellionis
1386 1901 1500 1988 spiritu,

377 2020 464 2104 jura,
480 2016 570 2098 leges
596 2019 629 2079 et
645 2011 750 2094 Regni
776 2007 1027 2086 consuetudines
1057 2029 1123 2075 non
1148 2008 1354 2076 attendentes
1370 2029 1449 2075 ausu
1462 2015 1502 2076 ts·

381 2121 521 2190 merario
546 2135 789 2204 presumpmere
820 2136 886 2182 non
912 2119 1101 2191 cessarunt;
1135 2121 1231 2199 prout
1255 2115 1320 2182 hec
1344 2115 1500 2182 omniain

382 2229 493 2298 multis
525 2233 557 2294 et
573 2225 711 2294 diuersis
738 2223 953 2308 judicialibus
978 2222 1096 2290 litteris
1128 2223 1248 2290 nostris
1275 2232 1310 2291 et
1327 2225 1500 2292 Conuentus

382 2334 620 2406 Ornoiierorum
653 2332 765 2400 Sancti
789 2332 890 2414 Regis
906 2330 1077 2416 Stephany
1106 2349 1164 2414 per
1194 2331 1303 2415 ipsum
1320 2332 1498 2416 Magistrum

384 2443 489 2514 Zoard
505 2440 659 2508 exhibitis
675 2439 815 2506 vidimus
830 2439 956 2525 plenius
972 2439 1152 2524 contineri,
1185 2443 1240 2523 qni
1264 2440 1394 2508 scilieet
1408 2440 1499 2526 Myce

383 2558 463 2641 leus,
478 2549 645 2634 Andreas,
670 2547 838 2616 Johannes
855 2555 888 2616 et
904 2547 1012 2634 Beer,
1044 2569 1084 2614 uo
1100 2547 1233 2615 domina
1247 2555 1357 2617 mater
1369 2550 1498 2636 ipsorun

384 2681 442 2748 per
466 2655 652 2725 huiusmodi
668 2656 864 2741 multiplices
884 2657 1122 2741 compulsionem
1149 2661 1182 2720 ct
1207 2655 1452 2725 admoniciones
1465 2658 1498 2723 le·

383 2769 514 2854 gitimas
530 2763 573 2832 ad
588 2763 724 2846 Regium
740 2761 945 2830 Presenciam
962 2769 1183 2848 seunostrani,
1200 2769 1297 2847 prout
1311 2763 1497 2850 Vicejndicis

384 2876 480 2944 Ourie
496 2894 555 2940 sue
569 2871 693 2958 venire,
708 2877 743 2938 nt
759 2872 949 2956 premissum
958 2876 1018 2956 est,
1034 2869 1267 2938 contumaciter
1282 2873 1495 2957 neglexerunt

382 2985 452 3052 Nos
469 2982 554 3049 enim
568 2979 692 3045 nomini
723 2977 757 3042 in
773 2999 833 3045 suo
852 2978 928 3062 jure
954 2978 1067 3046 deesse
1083 2981 1225 3045 volentes
1234 3029 1244 3064 ,
1276 2982 1420 3048 maxime
1434 2999 1497 3046 cum

384 3093 548 3162 crescente
563 3087 769 3153 contumacia
791 3104 937 3154 crescere
953 3085 1073 3152 debeat
1089 3091 1123 3152 et
1137 3106 1243 3173 pena;
1269 3093 1302 3154 et
1319 3109 1403 3173 qnos
1417 3088 1499 3154 timor

382 3201 445 3266 Dei
462 3195 583 3264 amalo
600 3213 666 3260 non
682 3199 824 3279 reuocet,
842 3213 898 3262 ecs
914 3192 1025 3260 saltim
1037 3193 1187 3261 cohibeat
1202 3213 1287 3280 pene
1303 3196 1498 3283 temporalis,

383 3305 549 3392 predictos
564 3301 648 3369 filios
666 3299 800 3368 Comitis
816 3301 956 3388 Andree,
968 3305 1000 3367 ct
1016 3301 1179 3369 dominam
1194 3310 1333 3370 matrem
1352 3325 1457 3372 eorum
1468 3305 1497 3369 in

383 3412 530 3480 omuibus
547 3408 713 3493 premissis
730 3414 762 3476 et
778 3409 916 3494 singulis
933 3411 1164 3496 premissorum
1189 3417 1303 3478 contra
1318 3411 1425 3495 ipsum
1438 3411 1497 3478 Me·
1573 3405 1575 3498 ξ

384 3521 518 3604 gistrum
542 3513 649 3583 Zoard
675 3516 918 3584 sentencialiter
942 3517 1144 3585 decredimus
1160 3517 1229 3585 loro
1259 3520 1442 3603 conuictos,
1469 3523 1496 3584 et
1572 3503 1575 3586 'ff

382 3627 563 3715 predictam
579 3624 817 3710 possessiouem
841 3625 959 3711 Boynu
977 3632 1128 3692 vocatam
1152 3645 1210 3710 pro
1235 3625 1496 3713 vigintiquinque
1574 3603 1575 3664 ss

384 3732 513 3817 marcis,
530 3733 608 3798 item
618 3731 756 3796 alteram
767 3733 1006 3816 possessionem
1025 3753 1134 3800 eorum
1145 3734 1293 3820 Wygoon
1309 3735 1494 3801 nominatum
1573 3779 1574 3782 ,

384 3861 443 3928 pro
459 3837 594 3922 triginta
608 3840 727 3904 marcis
743 3840 848 3905 miuus
866 3839 993 3907 duabus
1009 3839 1176 3908 estimatus
1201 3841 1235 3906 in
1253 3840 1415 3910 (lumitate
1428 3840 1493 3908 Sbi-
1572 3835 1574 3894 ἒ

384 3949 532 4035 gonieusi
548 3945 733 4033 existentes,
752 3966 824 4012 cum
840 3947 1032 4016 utilitatibus
1042 3957 1074 4016 et
1089 3949 1302 4036 pertinencijs
1318 3950 1493 4032 earundem,

384 4057 442 4124 sub
459 4053 601 4120 metiret
618 4053 764 4119 terminis
787 4055 931 4138 antiquis
957 4056 1148 4140 reliquimus
1165 4063 1198 4122 et
1211 4057 1386 4126 stntnirnnn
1401 4062 1494 4123 anco
1572 4049 1574 4098 ³

384 4165 481 4230 ritate
492 4160 670 4244 judiciarie
686 4161 792 4228 cidem
808 4162 964 4248 Magistro
979 4163 1087 4232 Zoard
1108 4163 1327 4249 possidendas
1342 4171 1376 4232 ct
1390 4163 1494 4230 baben·
1573 4189 1574 4210 2

384 4267 463 4356 dus3
480 4269 693 4336 commetsnei
709 4269 812 4336 eciam
826 4271 999 4340 eorundem
1016 4292 1073 4358 per
1087 4273 1248 4340 bominem
1258 4273 1383 4341 domini
1397 4269 1492 4355 Regis,
1572 4253 1574 4270 '

383 4382 533 4462 presente
548 4375 732 4443 testimonio
765 4377 925 4446 dictorum
942 4379 1178 4447 Cruciferorum
1209 4381 1401 4465 interrogati
1423 4374 1493 4445 redi·
1571 4403 1573 4468 3

384 4503 471 4548 mere
488 4482 684 4570 noluissent,
700 4491 795 4570 prout
818 4485 851 4552 in
876 4486 995 4554 litteris
1011 4489 1186 4558 eorundem
1204 4489 1434 4557 Ornciferornm
1447 4485 1492 4550 do·
1571 4519 1573 4526 ·

384 4587 471 4657 mino
499 4591 581 4673 Regi
609 4593 819 4660 transmissis
840 4592 981 4664 vidimus
1006 4599 1174 4664 contineri.
1205 4596 1312 4683 Igitur
1337 4603 1403 4664 mm
1425 4591 1492 4683 ipsis
