3146 5192
718 293 722 300 ·
813 252 972 354 ..220-

327 448 475 516 ctionem.
492 446 630 513 Romani
645 447 811 515 Pontilicis
828 453 886 514 eta
903 445 991 514 Sane
1012 445 1134 512 dndum
1159 443 1326 512 'tianensi
1352 443 1456 540 Ecclef

327 553 380 622 sia
395 575 452 641 per
469 553 592 620 obitum
609 554 694 619 bone
709 553 865 620 memorie
879 551 1027 639 Philippi
1043 551 1298 638 Arcbiepiscopi
1319 550 1458 617 Trarion·

327 662 372 731 sis
402 659 544 747 pastoris
574 659 732 744 regimine
763 660 931 740 destituta,
948 679 1007 726 nos
1032 659 1254 746 provisionem
1281 655 1460 725 faciendam

326 769 391 857 ipsi
406 767 553 836 Ecclesia
569 767 611 834 de
626 767 758 835 Prolato
769 765 846 836 Sedi
857 764 1462 853 apostoliceduximusroseruandam,

326 875 537 944 decernentes
554 881 670 942 extunc
685 876 810 943 irritum
827 883 860 942 et
874 875 986 963 inane,
1002 876 1030 942 si
1046 895 1142 943 secus
1158 896 1259 962 super
1277 875 1343 941 lroo
1364 873 1462 940 scien·

328 994 377 1054 tcr
391 985 445 1053 vel
461 983 648 1068 ignoranter
665 985 866 1070 contingeret
881 986 1077 1069 attemptari.
1095 987 1145 1051 De
1160 985 1270 1074 ipsius
1288 985 1391 1067 igitur
1413 982 1466 1048 Ec·

329 1093 430 1161 clesie
461 1091 666 1160 ordinatione
697 1092 835 1162 sollicite
861 1094 1050 1178 cogitantes,
1065 1113 1108 1159 ne
1134 1091 1328 1178 prolixioris
1356 1087 1464 1158 vaoati

329 1202 401 1269 onis
418 1201 566 1284 exposita
582 1199 793 1267 incommodis
809 1207 1002 1286 remaneret,
1020 1209 1095 1287 post
1120 1201 1343 1286 diligentiam,
1371 1217 1464 1281 qnam

330 1307 373 1374 ad
388 1307 614 1394 proficiendum
632 1305 737 1375 eidem
755 1307 899 1376 Ecclesie
913 1308 1076 1395 ydoneam
1092 1316 1127 1378 et
1152 1311 1377 1396 approbatam
1400 1323 1466 1391 per·

329 1433 443 1484 sonam
461 1413 669 1484 abhibuimus
686 1415 872 1501 vigilanter,
889 1416 924 1482 in
940 1423 972 1482 te
988 1423 1064 1483 tnnc
1089 1417 1389 1503 Arcbiepiscopum
1413 1415 1464 1480 la-

331 1519 490 1610 drensem,
506 1543 600 1608 quem
616 1521 752 1589 scientia
766 1523 899 1590 litterali
924 1521 1134 1611 (litterarum)
1159 1523 1339 1611 preditum,
1367 1521 1465 1589 virum

331 1650 460 1716 quoque
476 1629 542 1696 vite
557 1629 745 1717 laudabilis,
766 1629 1024 1698 conuersationis
1050 1633 1189 1720 placide,
1217 1651 1346 1700 mornm
1373 1628 1464 1695 hone

333 1745 419 1808 state
434 1738 596 1822 decorum,
613 1737 818 1806 discretionis
836 1746 869 1806 et
885 1739 1015 1808 consilii
1039 1743 1229 1808 maturitate
1254 1739 1462 1826 conspicuum

331 1847 490 1932 novimus,
507 1853 619 1913 noster
634 1845 763 1915 animus
773 1847 939 1932 requievit.
951 1848 1161 1916 Intendentes
1174 1849 1285 1934 itaque
1295 1855 1367 1914 tam
1378 1840 1462 1928 gregi

331 1951 500 2036 dominico,
517 1973 614 2038 qoam
630 1954 778 2021 Ecclesia
794 1955 940 2040 predicte
955 1954 1128 2022 salubriter
1144 1955 1328 2041 providere,
1349 1953 1392 2020 de
1403 1951 1461 2017 fra·

331 2067 416 2128 trum
431 2065 613 2128 nostrorum
631 2061 768 2130 consilio
784 2069 816 2130 et
838 2063 1026 2146 Apostoliea
1051 2063 1255 2150 plenitudiue
1279 2058 1459 2150 potestatis,

331 2177 363 2236 te
380 2189 401 2234 a
417 2167 553 2252 vinculo,
572 2186 634 2250 qno
650 2167 813 2236 tenebaris
829 2168 983 2236 Jadrensi
998 2172 1153 2258 Ecclesia,
1170 2172 1392 2256 absolventes,
1418 2165 1458 2232 ad

332 2275 514 2362 predictam
532 2274 714 2343 Ecclesiam
731 2283 763 2342 to
787 2276 1022 2363 transferimus,
1050 2286 1082 2345 et
1108 2279 1316 2348 concedimus
1343 2285 1375 2344 te
1399 2269 1456 2359 ipsi

332 2383 491 2450 'franensi
510 2382 658 2450 Ecclesie
673 2382 707 2448 in
733 2383 1025 2470 Arcbiepiscopum
1050 2393 1083 2454 et
1114 2393 1299 2470 pastorem
1326 2385 1456 2452 liberam

329 2490 388 2558 tibi
404 2489 519 2558 dantes
534 2489 711 2577 licentiam,
731 2489 773 2558 ad
791 2489 928 2558 eandem
943 2493 1143 2560 'l'ranensem
1158 2493 1341 2560 Ecclesiam
1353 2495 1449 2556 trans-

333 2597 440 2668 eundi.
473 2596 636 2676 Quocirca
645 2596 842 2667 fraternitati
860 2605 914 2666 tue
930 2619 989 2684 per
1004 2598 1197 2684 Apostolica
1221 2599 1345 2685 scripta
1375 2615 1456 2664 man·

334 2705 462 2790 damus,
477 2711 638 2790 quatenus
664 2704 849 2790 impositum
874 2705 935 2772 tibi
960 2727 1043 2774 onus
1070 2727 1091 2774 a
1113 2707 1253 2775 Domino
1279 2703 1453 2792 suscipiens

334 2819 530 2900 reverenter,
547 2831 656 2878 curum
667 2819 700 2880 et
716 2813 1032 2884 administrationem
1049 2815 1194 2882 eiusdem
1203 2814 1382 2883 Eraneosis
1403 2811 1454 2878 Ec·
1536 2872 1537 2877 ,

335 2919 433 2988 clesie
450 2919 498 2988 sic
514 2917 688 3005 diligenter
703 2940 800 3006 geras
817 2929 850 2988 ot
874 2921 1013 2990 sollicite
1037 2921 1253 3009 prosequaris,
1279 2921 1367 3008 qnod
1389 2919 1454 3004 ipra

334 3027 543 3116 gubernatori
560 3027 793 3113 circumspecto
809 3050 850 3096 ao
864 3031 1029 3098 fructuoso
1046 3031 1303 3099 administratori
1318 3026 1455 3115 gaudeat

334 3157 370 3205 se
386 3139 602 3224 commissam,
620 3155 659 3203 ac
674 3139 758 3204 bone
776 3137 862 3205 lame
878 3147 933 3205 tne
948 3138 1027 3206 odor
1043 3158 1084 3206 ex
1100 3139 1323 3208 laudabilibus
1334 3138 1399 3204 tnis
1410 3151 1453 3199 ac·

334 3245 421 3314 tibus
434 3245 534 3312 latius
549 3242 755 3329 defundatur,
772 3249 804 3312 et
820 3250 929 3330 preter
941 3245 1174 3313 benedictionis
1184 3243 1452 3332 elemepremiunr

334 3353 556 3420 benivolentia
572 3357 682 3419 nostre
697 3354 836 3437 gratiam
855 3353 975 3422 exinde
1000 3353 1128 3440 plenius
1155 3352 1373 3439 consequaris,
1398 3351 1453 3417 Da·

335 3470 402 3529 tum
417 3459 507 3544 apud
522 3459 784 3530 Urbemveterem
809 3459 881 3528 XV.
898 3459 1059 3529 kalendas
1072 3459 1164 3548 Jnlii,
1181 3461 1391 3528 Pontificatus
1405 3477 1453 3524 no·

336 3569 396 3636 stri
410 3586 496 3634 anno
512 3569 617 3636 tertio.

442 3676 491 3742 ln.
508 3695 535 3740 e.
552 3694 594 3740 rn.
610 3673 771 3742 uniuersis
787 3673 1015 3760 Suffraganeis
1040 3675 1191 3744 Ecclesia
1215 3674 1399 3761 Eranensis,
1412 3724 1419 3740 .
1430 3719 1453 3737 ..

336 3783 574 3852 Archidiacono
590 3789 622 3849 et
638 3780 790 3867 Capitnlo
806 3783 951 3850 Ecclesia
967 3774 1155 3870 tranensis,
1173 3783 1267 3852 Olero
1283 3791 1317 3852 et
1345 3781 1455 3872 populo

338 3893 492 3961 Ciuitatis
508 3897 540 3959 et
557 3890 704 3959 Diocesis
718 3891 906 3978 Tranensis,
918 3897 951 3959 et
975 3892 1134 3961 uniuersis
1150 3893 1295 3962 vasallis
1320 3889 1453 3960 Ecclesia

335 4001 522 4070 'tranensis

337 4201 472 4268 (Theium,
487 4200 587 4253 Vetera
600 4199 776 4251 Monumenta
788 4197 929 4252 Slavorom
941 4197 1160 4252 Meridionalinm
1174 4198 1316 4250 historiam
1330 4199 1453 4250 lllustran·

769 4291 810 4340 tra
822 4291 845 4341 1.
858 4289 914 4343 not
935 4291 995 4342 ιιι.
1005 4289 1036 4356 1.)
