3234 5194
556 341 661 444 ..3⁷-
676 437 713 445 -

58 538 173 624 litum,
192 558 252 605 neo
268 538 381 620 aliqua
397 537 447 603 sui
466 541 559 622 parte
571 535 736 618 viciatum,
754 539 859 598 ratum
870 533 1027 601 babentes
1044 543 1075 600 et
1091 555 1205 620 accep-

53 655 88 712 tu
101 667 146 729 rn,
166 646 212 710 ds
231 647 330 712 uerbo
346 645 389 710 ad
407 645 541 711 uerbum
568 644 770 728 presentibus
795 645 953 722 insertum
981 640 1205 729 a(u)ctoritate

56 754 276 837 presencium
293 753 444 818 duximus
461 748 713 818 confirmandum
732 749 897 834 dupplicis
913 750 1015 832 sigilli
1026 753 1125 816 nostri
1137 771 1204 816 mu·

57 861 196 927 nimine
213 860 409 927 roborando.
427 861 548 926 Datum
565 879 623 944 per
654 877 770 951 manus
802 857 936 923 disereti
968 857 1027 922 uiri
1059 859 1206 941 Magistri

56 966 234 1034 Theodori
250 967 403 1035 Albensis
420 966 566 1033 Ecclesia
581 963 743 1050 Prepesiti
769 967 842 1030 aule
874 971 983 1032 nostre
1013 964 1094 1031 Vicc
1126 965 1206 1031 Can·

62 1075 200 1159 cellarij
219 1076 332 1142 dilecti
349 1083 381 1141 et
397 1075 505 1141 fidelis
521 1073 622 1140 nostri
648 1093 735 1139 anno
761 1069 893 1141 Domini
920 1069 1039 1138 M⁰OO⁰
1064 1093 1205 1155 nonage-

14 1183 15 1186 ’
60 1183 147 1248 sinro
160 1183 281 1268 primo,
300 1185 442 1268 septimo
455 1181 618 1249 kalendas
635 1180 844 1267 Septembris,
860 1179 964 1263 Regni
982 1183 1090 1245 autem
1101 1181 1204 1246 nostri

64 1311 154 1356 anno
171 1289 330 1357 secundo.

61 1489 208 1553 (Eredetie
222 1459 399 1554 bdrbartydn,
413 1501 430 1537 a
443 1492 521 1538 rbrbs
534 1485 765 1552 selysmzaiudron
790 1486 900 1551 lliggb'tt
912 1483 1006 1551 pecsdt
1024 1485 1162 1546 olveiram,
1186 1497 1202 1532 u

66 1575 69 1578 ’
388 1578 472 1629 budai
495 1579 546 1628 kir.
560 1578 683 1628 kamarai
697 1574 886 1642 leveltdrban.)

602 2396 658 2464 21.

14 2599 15 2602 ’
63 2598 128 2664 ΠΙ.
144 2597 260 2660 Endre
275 2596 446 2681 leirdlynclu
461 2597 829 2680 Rozsnydddnyovdroat
839 2599 994 2682 lcirpyazd
1004 2597 1195 2681 adonrdnya

67 2705 227 2770 Ledomdr
251 2706 436 2793 esztcrpcmi
460 2705 547 2770 e‘rselr
572 2707 603 2769 ds
628 2727 664 2768 cz
690 2707 878 2790 eszterpomi
893 2705 1011 2791 epybdc
1035 2708 1198 2771 eadmero.

588 2813 686 2878 1291.

181 3007 333 3076 Andreas
351 3005 413 3074 Dei
424 3007 725 3092 graciaHungaric,
738 3005 919 3094 Dalmacie,
931 3007 1075 3092 Oroacie,
1087 3007 1198 3095 Rarus,

69 3115 190 3202 Seruis,
209 3115 357 3204 Gallicis,
372 3115 575 3201 Lodomcrie,
592 3115 757 3201 Cumanie,
775 3115 993 3198 Bulgarieque
1013 3117 1082 3181 Rex
1099 3115 1199 3179 omni·

70 3223 127 3290 bus
144 3223 270 3292 Christi
285 3223 435 3292 fidelibus
451 3229 638 3309 presentem
655 3225 813 3308 paginam
838 3222 1032 3307 inspecturis
1058 3223 1197 3288 salutern

71 3331 104 3397 in
118 3333 262 3400 omnium
286 3333 462 3401 saluatore.
481 3331 532 3398 Ad
559 3333 789 3400 uniuersorum
814 3330 967 3397 noticiam
992 3337 1104 3397 tenore
1129 3349 1200 3415 pre-

70 3440 211 3506 sencium
222 3439 431 3507 barnmscrie
442 3439 588 3508 volumus
602 3441 771 3524 peruenire
791 3463 799 3502 ι
819 3437 987 3522 quodcum
1003 3438 1156 3504 internos
1167 3443 1200 3503 et

13 3533 16 3542 ’
73 3544 235 3614 dominnm
250 3547 421 3614 Albertum
436 3547 498 3615 Dei
515 3547 629 3631 gracia
644 3548 767 3614 Ducem
785 3547 920 3614 Austrie
930 3546 1198 3629 grauissimarum

73 3662 102 3718 et
117 3653 388 3722 arduissimarum
420 3675 518 3738 super
544 3656 787 3741 occupaceione'
822 3662 1006 3721 nestrorum
1022 3654 1196 3722 territorio·

72 3781 136 3826 rum
152 3781 252 3846 qnam
267 3763 410 3849 plurium
422 3761 506 3846 juris
523 3762 626 3830 nostri
642 3763 804 3830 suscitata
830 3762 944 3829 fuisset
959 3764 1097 3830 materia
1121 3781 1200 3846 que·

73 3868 219 3956 stionum,
236 3875 269 3934 et
285 3875 483 3953 congregata
499 3889 672 3938 numerosa
686 3891 744 3955 per
764 3871 826 3938 Dei
841 3871 998 3955 graciam,
1023 3877 1055 3936 et
1079 3869 1199 3936 valida·

13 4049 15 4054 ,
73 3977 230 4044 exercitus
257 3977 359 4044 nostri
377 3977 471 4062 rnolc,
490 3979 597 4065 ipsum
612 3980 737 4044 Ducem
754 3985 788 4044 et
807 3983 907 4044 totam
918 3977 1129 4044 Austriamin
1146 3997 1199 4043 ex-

13 4139 14 4150 ,
73 4089 157 4150 tenso
172 4085 329 4171 brachio,
361 4105 524 4170 manuque
554 4087 688 4154 robusta
704 4085 881 4153 fuissemus
907 4086 1066 4170 aggressi,
1085 4105 1124 4150 ao
1140 4091 1205 4170 pro'

75 4189 220 4277 dampnis
236 4191 529 4260 innumerabilibus
541 4200 573 4260 et
588 4193 725 4288 infinitis
741 4192 873 4278 iniurijs
889 4193 1050 4279 irrogatis,
1072 4192 1200 4258 castria-

13 4323 15 4376 ς
77 4317 131 4380 que
150 4300 270 4368 nostris
289 4307 321 4366 et
351 4307 531 4368 nostrorum
558 4302 727 4370 territoriis
751 4322 810 4370 seu
837 4301 1096 4386 possessionibus
1122 4307 1198 4368 ante

77 4414 209 4474 nostram
228 4409 489 4493 coronacioncm,
507 4415 639 4494 etpost,
657 4430 714 4494 per
738 4411 840 4495 ipsius
872 4408 971 4474 Ducis
1003 4407 1195 4474 violenciam

77 4515 295 4595 potencialiter
311 4517 488 4601 occupetis,
505 4517 538 4582 in
570 4539 633 4583 non
665 4537 768 4602 parra
799 4523 892 4602 parte
922 4516 1019 4582 totius
1051 4513 1196 4581 Donatus

13 4713 14 4718 ἵ
77 4618 341 4694 lustricneeesse
360 4623 531 4692 babuimus
548 4623 713 4692 inuexisse
729 4621 964 4692 nonrnodicern
990 4623 1193 4708 vastitatem
