3180 5202
185 1196 223 1262 A
236 1201 331 1286 picei
346 1199 575 1286 kdptolaanak
583 1201 731 1286 jeleatae
747 1205 811 1269 III.
827 1205 935 1270 Euda
949 1206 1128 1293 kirdlylroz,
1138 1212 1221 1294 copy
1238 1210 1324 1274 Kon-

269 1307 335 1372 rac
350 1317 458 1373 mesra·
474 1307 603 1392 ropac
618 1308 807 1375 craoaccaa
823 1313 1045 1379 aaronitae.
1063 1292 1245 1382 mcccc.
1332 1363 1342 1410 ,

301 1499 578 1569 Excellentissimo
594 1503 723 1570 domino
748 1525 807 1572 suo
830 1505 971 1592 Andree,
1002 1507 1066 1574 Dei
1095 1508 1209 1592 gracia
1241 1509 1322 1594 Regi

187 1606 370 1694 Hungarie‚
388 1607 574 1694 Capitulum
590 1607 937 1693 Quinqneecclcsiense
948 1613 1117 1681 oraciones
1128 1615 1161 1679 in
1171 1615 1321 1682 Domino.

192 1713 346 1802 Receptis
361 1715 480 1784 litteris
496 1713 631 1784 Comitis
648 1717 771 1786 Thonis
803 1719 953 1805 Magistri
984 1721 1081 1787 Cnrie
1112 1727 1219 1788 uestro
1250 1741 1322 1787 cum

197 1821 325 1890 Thema
339 1821 405 1888 filio
421 1822 592 1910 Laurcucij
611 1821 651 1890 de
667 1825 850 1912 Gueresthy
866 1827 998 1895 homine
1029 1834 1146 1913 uestro,
1179 1834 1323 1894 nostrum

187 1929 357 1996 :hominem
374 1929 522 1996 Gosmam
540 1930 795 2013 prebendarium
821 1933 968 2001 Ecclesia
1000 1940 1112 2002 nostre
1144 1934 1322 2000 transmisi-

186 2057 276 2124 mus,
292 2043 327 2102 ut
344 2056 453 2103 coram
470 2055 509 2105 eo
525 2037 620 2104 homo
635 2045 743 2106 uester
759 2061 818 2125 pro
834 2039 921 2108 facto
938 2040 1158 2128 principali‚et
1173 2061 1231 2125 pro
1249 2049 1321 2106 octo

194 2143 338 2232 iudicijs,
355 2146 390 2210 in
407 2144 523 2230 quibus
539 2144 694 2212 Nicolans
725 2145 810 2213 filius
827 2148 999 2233 Laurcucij
1032 2147 1177 2215 Palatini
1209 2155 1322 2215 contra

1095 1389 1224 1496 raca,
1249 1379 1435 1501 wira,

186 2253 383 2336 Magistrum
401 2251 594 2318 (lorrardnm
609 2251 813 2337 dignoscitur
843 2255 1051 2340 remansisse,
1084 2253 1221 2323 eundem
1251 2254 1320 2320 Ma·
1383 2305 1395 2332 ,

187 2357 329 2442 gistrum
346 2357 532 2426 introducat
546 2358 579 2424 in
596 2359 833 2443 possessionem
860 2361 996 2447 Kopach
1028 2369 1189 2445 uocatam,
1224 2381 1321 2444 quarn

186 2466 278 2532 ,idem
295 2466 453 2548 Magister
472 2467 652 2534 Ocrrardus
667 2466 747 2534 dicit
764 2487 836 2536 esse
861 2487 964 2556 suam,
995 2476 1028 2535 et
1058 2489 1117 2555 per
1146 2467 1319 2534 Nicolaum

185 2573 419 2660 ¹potencialiter
434 2579 636 2660 occupatam,
653 2573 743 2640 adia
759 2574 1012 2643 introduccicnis
1028 2577 1142 2659 'usque
1168 2577 1315 2660 quintum

65 2667 76 2676 ”
188 2680 357 2748 decimum
384 2680 471 2746 diam
503 2681 627 2762 absque
658 2681 802 2767 dampno
834 2683 978 2749 ciusdem
1011 2701 1259 2766 permansurum
1289 2685 1323 2748 in

190 2788 318 2874 xeadem,
334 2786 362 2854 si
378 2807 445 2854 non
461 2788 553 2854 fieret
562 2787 807 2869 contradictum,
818 2788 1111 2856 contradictoribus
1127 2790 1162 2854 in
1178 2795 1322 2855 uestram

192 2895 395 2980 presenciam
410 2896 567 2981 auocalis,
583 2895 700 2963 seriem
726 2894 805 2962 lacti
839 2902 946 2963 cestre
978 2895 1081 2980 Regia
1111 2895 1322 2963 Excellcncie

192 3004 451 3072 rescriberemus.
466 3001 624 3087 idemque
640 3003 784 3070 Thomas
802 3001 896 3069 homo
912 3007 1020 3070 uester
1045 3019 1116 3069 cum
1131 3000 1247 3068 eodem
1266 3001 1321 3068 hc-

185 3113 278 3178 ·mine
293 3116 404 3178 nostro
420 3108 464 3176 ad
478 3131 538 3178 nos
554 3107 681 3178 rediens
698 3110 791 3178 nobis
807 3107 917 3177 retulit
931 3109 1009 3178 vina
1025 3129 1123 3194 noce3
1140 3109 1227 3192 quod
1242 3110 1314 3193 ipse

193 3224 343 3303 presente
358 3215 489 3284 homine
504 3225 615 3285 nostro
631 3217 666 3282 in
682 3217 766 3284 festo
776 3215 986 3286 ascensionis
997 3215 1127 3282 Domini
1138 3212 1322 3282 accedendo

185 3325 331 3394 eundem
362 3325 556 3411 Magistrum
572 3324 768 3393 Oorrardnm
785 3323 963 3393 introduxit
988 3325 1023 3391 in
1055 3324 1215 3410 prefatam
1245 3340 1322 3407 pos-

185 3432 369 3500 sessionem
386 3433 527 3520 Kopach
543 3439 692 3500 uocatam
709 3451 768 3517 pro
784 3429 872 3499 facto
888 3432 1076 3517 principali,
1093 3437 1125 3498 et
1149 3449 1209 3517 pro
1240 3427 1321 3494 iudi·
1448 3485 1450 3488 .
1586 3401 1588 3428 ¹

195 3538 255 3624 cijs
271 3539 479 3626 supradictis,
496 3539 627 3607 citando
643 3538 782 3609 eundem
813 3538 985 3606 Nicolaum
1015 3538 1117 3605 filium
1148 3534 1320 3618 Laurcucij

189 3647 336 3715 Palatini
352 3651 465 3714 contra
479 3645 673 3730 Magistrum
690 3645 885 3714 Corrardum
900 3648 943 3714 ad
954 3653 1097 3715 uestram
1108 3645 1321 3731 presenciam,
1451 3693 1452 3696 η

188 3753 365 3822 terminum
381 3751 536 3823 videlicet
565 3753 727 3838 quindena
757 3753 938 3822 resideucie
968 3753 1132 3840 presentis
1163 3748 1323 3817 exercitus

186 3857 401 3946 assignando.
418 3859 483 3928 Sed
500 3859 577 3946 qula
593 3859 707 3928 eadem
724 3867 810 3927 terra
826 3860 965 3946 Kupach
982 3865 1032 3926 est
1047 3877 1153 3924 vacua
1168 3863 1201 3922 et
1232 3855 1323 3922 habi·

193 3969 351 4038 tatoribus
367 3968 536 4054 destituta,
553 3989 594 4035 ex
611 3967 759 4035 echome
775 3973 885 4036 uester
908 3969 942 4034 iu
968 3965 1125 4033 couicinis
1156 3962 1243 4030 villis
1275 3962 1321 4028 di-

192 4077 251 4162 xit,
270 4077 357 4162 quod
373 4077 408 4143 iu
423 4076 569 4165 predicto
584 4075 721 4143 termino
738 4073 825 4142 idem
841 4074 997 4142 Nicolaus
1023 4069 1240 4157 personaliter
1270 4069 1324 4136 de·

188 4183 270 4252 acar
285 4203 473 4272 comparere
489 4203 597 4252 coram
613 4183 704 4250 uobis
721 4201 819 4268 super
829 4182 915 4249 lactc
925 4179 1095 4268 principali
1105 4178 1323 4264 peremptorie

194 4311 421 4380 responsurus,
438 4295 471 4358 et
485 4295 562 4356 ante
579 4287 822 4376 responsionem
838 4307 929 4356 suam
946 4291 1061 4355 contra
1086 4283 1224 4351 eundem
1255 4283 1324 4350 lla·

185 4399 331 4486 gistrum
346 4395 541 4467 Ocrrardnm
556 4396 742 4466 satisfaciat
756 4395 791 4462 in
805 4393 935 4481 iudicijs
951 4391 1157 4480 supradictis,
1174 4389 1322 4474 alioquin

190 4509 271 4577 iruic
286 4503 424 4590 negocio
440 4503 698 4573 linem-debitum
716 4503 898 4591 immnetis.
913 4501 955 4568 Et
971 4499 1032 4568 hec
1057 4497 1100 4566 ad
1119 4497 1322 4596 peticionem

187 4612 329 4684 (inmitis
344 4610 468 4680 Thomu
482 4611 607 4683 iudicis
624 4611 718 4680 Ourie
734 4615 843 4679 uestre
859 4605 1066 4678 Excellencie
1092 4613 1200 4751 uestra
1231 4605 1323 4673 duxi·

1108 4715 1151 4784 28
