3180 5202
584 328 746 425 333—

70 505 134 581 tiis
153 517 345 587 exhibitum
359 523 465 584 ratum
482 517 656 586 habuimus
673 525 771 604 atque
801 521 949 604 firmum,
967 529 1111 588 tenorem
1126 521 1231 607 ipsius

79 619 125 687 de
144 625 259 692 uerbo
275 626 319 693 ad
334 628 469 694 uerbum
499 625 706 710 presentibus
737 625 836 692 inseri
853 626 1025 712 iaoiendo;
1058 628 1228 695 attenden-

70 733 213 813 tesque
229 732 402 799 fidelitates
426 731 544 818 prefati
560 731 719 798 Johannis
746 731 911 817 duppliois
928 734 1029 817 sigilli
1044 735 1146 801 nostri
1162 753 1231 800 mn-

26 902 32 911 ,
71 849 222 903 numne
240 838 281 903 de
295 837 499 922 benignitate
525 839 629 924 Regia
645 839 796 906 duximus
813 838 1076 908 confirmandum.
1107 843 1229 908 Datum

77 963 146 1027 per
165 965 291 1012 manos
307 946 439 1012 disereti
457 945 674 1031 virillagistri
690 947 848 1030 Stephani
865 947 1094 1016 Arohidiaeoni
1109 949 1228 1014 Alben-

70 1049 131 1115 .sis
149 1051 238 1118 aule
261 1058 371 1120 nostre
386 1053 674 1142 vioe-Canoellarij
705 1053 817 1120 dilecti
844 1060 876 1119 et
892 1053 995 1122 tidelis
1022 1055 1126 1122 nostri
1142 1075 1228 1122 enno

68 1155 231 1238 Domini
247 1159 418 1227 millesimo
435 1159 649 1243 tricensimo,
666 1159 769 1244 Regni
795 1165 905 1227 autem
931 1160 1034 1228 nostri
1058 1180 1144 1228 anuo
1160 1157 1229 1248 (de

69 1261 208 1350 eima.)

24 1428 26 1431 Ι
71 1454 238 1524 <Emotis
251 1458 430 1527 bh'rhdrtyrin,
452 1463 564 1528 melyrtil
575 1477 592 1512 a
614 1459 710 1529 peesdt
722 1462 876 1516 adid-ubres
899 1461 1125 1529 selyemzsindron
1143 1464 1229 1530 idm

377 1565 400 1600 a
412 1549 486 1601 mdlt.
500 1568 541 1616 gr.
554 1551 612 1614 Zay
626 1547 720 1601 osaltu
744 1545 952 1614 levdltdrtbau.)

627 2025 705 2095 246.

94 2227 165 2291 ΙΙΙ.
183 2225 296 2290 Eodre
312 2223 421 2308 kircily
445 2228 637 2312 azephappju
664 2250 685 2289 a
704 2227 905 2312 pdoaodradi
927 2226 1126 2311 ravennat,
1151 2227 1232 2313 hopp

93 2357 117 2396 a
134 2331 244 2400 Jciooa
264 2343 378 2397 mester
403 2331 607 2396 Zolouehnok
624 2331 675 2415 fio
706 2334 737 2394 e‘a
767 2332 918 2419 Rozboyd
950 2334 1158 2419 Lampertaelo
1183 2336 1232 2416 fia

92 2439 184 2505 kozci
221 2439 253 2503 Τ
249 2441 359 2504 ulman
382 2449 464 2501 neoti
489 2439 623 2503 dirtokot
649 2441 805 2523 tdrpyuzd
826 2439 943 2524 perdere
962 2442 1117 2526 eip'drp'oa.
1133 2437 1232 2506 1300.

209 2631 360 2699 Andreas
375 2631 438 2698 Dei
454 2633 566 2715 graoia
582 2635 651 2699 Rex
669 2632 812 2715 Vngaris
838 2633 988 2700 fidelihus
1014 2634 1083 2701 suis
1107 2633 1230 2700 Abbati

10 2741 11 2748 '
90 2748 131 2808 et
147 2741 332 2808 Contentui
349 2739 561 2806 Waradiensi
577 2738 714 2806 salutem
731 2746 764 2805 et
778 2741 933 2823 grauiam.
948 2741 1037 2806 Dioit
1055 2741 1149 2808 nobis
1167 2742 1231 2808 bla-

100 2850 205 2930 gister
221 2847 389 2914 lohannes
405 2845 489 2913 filius
508 2844 661 2930 Zolouoh‚
679 2845 766 2927 quod
782 2844 968 2929 Capitulum
979 2844 1233 2929 Quinqneeoole·

101 2953 209 3020 siense
226 2953 357 3022 raoione
373 2953 605 3020 combustionis
622 2952 702 3018 ville
719 2950 1088 3036 Quinqueeoolesieusis‚
1105 2960 1139 3018 et
1154 2955 1232 3039 alijs

99 3060 255 3146 dampnis
271 3066 304 3126 et
319 3061 447 3145 iniurijs
463 3061 525 3129 sibi
540 3081 599 3146 per
615 3061 759 3145 Heyueu
775 3058 883 3146 illatis,
901 3058 1046 3142 sigillum
1062 3079 1173 3126 eorum
1197 3062 1233 3128 in

101 3169 320 3255 expediendis
337 3171 447 3236 oausis
464 3175 709 3254 sequestrasset‚
735 3175 767 3234 et
791 3167 832 3233 ob
859 3167 920 3233 hoo
945 3171 1033 3232 statu
1062 3174 1094 3233 et
1119 3167 1233 3236 ordine

99 3274 285 3344 litterarum
301 3276 539 3344 memorialium
568 3277 703 3344 Comitis
729 3273 890 3361 Stephani
914 3273 1114 3358 Vioejudiois
1140 3275 1235 3342 Ourie

35 3449 37 3452 .
98 3389 212 3450 nostre
229 3381 273 3447 ad
289 3380 406 3450 faeiem
423 3391 507 3451 terre
532 3383 681 3469 Tulman,
699 3401 796 3466 super
821 3401 888 3464 qua
915 3400 950 3447 se
978 3401 1051 3447 oum
1078 3382 1235 3470 Rouboyd

0 3480 35 3604 ι’
98 3489 166 3558 lilio
182 3489 352 3575 Lamperti
375 3491 410 3558 in
433 3511 533 3558 eausa
559 3511 632 3558 esse
657 3491 745 3575 dioit,
772 3489 807 3555 in
831 3488 885 3556 die
909 3489 954 3556 ad
977 3488 1040 3556 hoe
1064 3497 1235 3577 assumpto

0 3639 9 3700 Ι
99 3595 270 3683 aooedere,
291 3603 324 3663 et
339 3599 561 3666 testimonium
577 3597 656 3666 dioti
673 3596 816 3686 Capituli
832 3601 965 3683 propter
980 3598 1145 3664 raoionem
1162 3617 1235 3684 pre-

0 3713 10 3806 ἦ
99 3707 237 3772 missam
254 3704 415 3772 adduoere
431 3706 645 3790 nequiuissot.
663 3704 769 3789 Super
788 3726 851 3789 quo
876 3703 1027 3771 fidelitati
1053 3710 1160 3772 vestre
1183 3706 1235 3772 tir·

0 3851 9 3910 3
97 3815 197 3880 miter
229 3813 438 3899 precipiendo
467 3813 674 3898 mandamus,
700 3817 861 3898 quatenus
887 3832 960 3878 oum
985 3812 1136 3880 iohanne
1165 3813 1235 3882 filio

7 3965 8 3968 ,
101 3919 269 3987 Bernaloh
284 3921 326 3986 de
343 3939 463 4004 genere
478 3919 661 4022 Durusma3
674 3919 733 4004 qui
749 3920 820 3987 looo
835 3919 983 4004 Magistri
999 3919 1170 4006 Stephany
1194 3919 1235 3988 de

0 3981 9 4118 d
101 4026 214 4094 Garaa
230 4047 290 4114 pro
305 4026 437 4096 homine
461 4033 575 4096 nostro
600 4025 706 4096 suerat
731 4026 918 4112 deputatus,
941 4026 1159 4096 testimonium
1185 4047 1236 4098 ve·

100 4143 204 4204 strum
219 4133 461 4216 transmittatis,
479 4135 523 4201 ad
541 4134 650 4201 omnia
676 4153 716 4201 ea
742 4134 943 4220 exequenda,
968 4153 1032 4219 que
1057 4134 1092 4200 in
1117 4133 1236 4204 litteris
1344 4193 1345 4198 ,

101 4241 346 4311 memorialibus
362 4239 505 4310 eiusdem
526 4239 661 4309 Comitis
677 4240 836 4328 Stephani
851 4239 991 4310 vidimus
1000 4241 1168 4310 contineri.
1192 4243 1238 4311 Et
1323 4273 1330 4282 ·

97 4351 189 4418 idom
205 4351 373 4420 lohannes
404 4351 500 4419 homo
517 4357 627 4419 noster
642 4359 794 4437 presente
825 4357 933 4417 uestro
948 4349 1132 4416 testimonio
1147 4351 1237 4417 dieat

45 4440 50 4450 ⁴
100 4459 208 4527 eidem
224 4458 385 4546 Rouboyd
416 4459 516 4526 uerbo
547 4464 668 4542 nostro,
697 4465 733 4524 nt
748 4463 781 4525 et
796 4459 870 4544 ipse
886 4453 1043 4524 aaoedere
1057 4453 1177 4524 debeat
1191 4457 1235 4524 ad

100 4567 221 4636 aciem
242 4575 328 4636 terre
344 4565 486 4632 Tnlman
505 4565 713 4653 sapradiute;
741 4572 863 4651 etpost
886 4563 948 4632 hoe
964 4559 1043 4630 laeli
1058 4563 1186 4650 seriem,
1203 4570 1235 4632 et
