3180 5202
835 353 994 455 ..49⁶—

341 547 468 616 Paulus
483 547 720 634 possessionem
735 566 830 615 suam
847 547 1002 615 redimere
1017 555 1139 634 posset,
1157 549 1224 614 iam
1240 547 1350 616 dietus
1360 547 1482 614 Comes

340 655 454 724 Oehua
479 657 586 741 ipsam
616 655 856 740 possessionem
880 653 1053 722 restituere
1076 653 1241 722 tenebitur
1264 655 1341 723 sine
1367 654 1476 738 aliqua

339 781 444 831 eausa
460 762 644 829 interiecta.
660 762 808 830 Dioimus
826 762 947 846 esiam,
962 758 1049 845 quod
1065 759 1108 826 ad
1124 763 1262 828 maioris
1278 761 1411 829 roboris
1426 759 1474 824 tir·

340 869 490 936 mitatem
505 871 628 937 Paulos
644 869 853 955 supradiotus
869 869 995 935 litteras
1011 866 1198 938 conuentus
1225 869 1268 934 ds
1292 869 1394 934 Noua
1417 864 1482 933 Gn·
1574 861 1577 954 ξ

346 977 399 1044 ria
414 976 496 1043 dare
513 996 551 1044 se
566 977 752 1062 assumpsit.
769 975 896 1044 Datum
912 975 947 1040 in
962 975 1081 1059 vigilia
1096 975 1190 1042 Beati
1214 973 1383 1042 iohannis
1407 972 1476 1058 Bap

343 1083 429 1171 tisis,
444 1103 531 1150 anno
548 1081 858 1152 Graeiemillesimo
874 1083 1104 1151 tricentesimo.

345 1279 484 1346 (Exedetis
495 1275 672 1348 borhtnytn,
685 1295 703 1331 a
711 1277 789 1333 hient
800 1280 854 1332 oda
866 1285 989 1346 opomott
1001 1279 1094 1348 poesia
1105 1279 1237 1333 slveszett
1248 1300 1256 1345 ;
1269 1296 1288 1332 a
1314 1279 1403 1332 bndai
1429 1278 1481 1328 irin
1576 1267 1577 1272 '

742 1370 866 1424 knmnrai
879 1368 1071 1436 levaltirban.)

866 2185 943 2252 aot.

109 2353 339 2492 ’1ὶῆψῖῑὶ
333 2381 386 2446 'A
406 2381 596 2448 Isaraeztesek
612 2383 795 2467 aerterpomi
821 2383 1042 2468 ioesmrjoeek
1058 2383 1207 2467 jelentc'se
1229 2381 1295 2447 ΙΙΙ.
1322 2381 1484 2448 Endrekr'

345 2489 478 2574 rdlyioz
499 2487 590 2556 Wadi
619 2489 743 2555 onokoi
762 2487 922 2572 juooiook
946 2491 1135 2575 pueztiroea
1166 2489 1471 2576 tdrpyuhunffl
1468 2536 1480 2554 .

452 2681 734 2751 Excellentissimo
750 2682 889 2750 Domino
904 2701 964 2750 suo
988 2681 1119 2750 domino
1136 2683 1268 2751 Andree
1282 2683 1349 2751 Dei
1365 2683 1475 2770 grauia
1576 2677 1577 2680 ’

344 2789 467 2858 Illustri
482 2789 565 2874 Regi
581 2790 770 2874 Hungarie,
784 2788 887 2858 irater
910 2789 1066 2858 Nioolous
1090 2791 1247 2875 Magister
1270 2791 1400 2858 Domus
1413 2789 1477 2856 Ho-

345 2896 476 2982 spitalis
493 2903 526 2964 et
540 2895 726 2964 conuentus
747 2893 985 2964 Cruoiierorum
1001 2897 1150 2966 Eoolesie
1165 2895 1279 2965 Sanuti
1293 2899 1396 2982 Regis
1411 2897 1477 2962 Sp,

345 3005 448 3090 phuni
465 3003 506 3075 de
521 3004 687 3091 Strigonio
712 3003 880 3073 oraciones
906 3005 939 3070 in
958 3005 1107 3072 Domino.
1133 3005 1270 3073 Nouerit
1285 3007 1407 3072 Vestra
1419 3003 1473 3068 Re

344 3111 404 3197 gia
420 3110 597 3191 Celsitudo,
615 3109 743 3178 litteras
765 3108 900 3178 Oomitis
910 3111 1043 3177 Martini
1053 3110 1252 3180 Vieeiudieis
1263 3109 1364 3179 Gnrie
1373 3119 1478 3179 uestro

344 3237 405 3286 nos
420 3220 585 3304 reoepisse
600 3217 660 3286 sub
676 3217 740 3284 hae
761 3217 884 3286 forma:

454 3325 542 3394 Viris
572 3325 739 3410 religiosis
763 3323 826 3393 stb.
858 3325 1014 3410 Magistro
1045 3331 1078 3392 et
1094 3323 1270 3393 Cruoiieris
1286 3323 1476 3408 Monasterij

345 3429 460 3500 Sunoti
474 3431 573 3514 Regis
589 3428 749 3517 Stephani
765 3429 980 3515 daStrigonio
991 3428 1107 3498 Comes
1123 3431 1283 3498 Martinus
1299 3429 1486 3496 Vieeinder‘

346 3537 442 3607 Ourie
461 3539 586 3605 domini
601 3539 698 3624 Regis
717 3541 779 3608 stb.
803 3537 1016 3625 (koretkenik
1035 3541 1166 3608 Mirton
1191 3557 1299 3606 eomas
1315 3538 1475 3620 alorsrtg-

344 3643 487 3711 birouak
507 3647 601 3714 1300.
616 3665 779 3732 paranesa
796 3646 877 3712 mint
900 3644 1057 3733 sentebb.)

454 3749 523 3818 Nos
540 3756 648 3818 autem
665 3751 819 3838 peticioni
847 3752 993 3820 eiusdem
1010 3751 1144 3821 comitis
1164 3752 1296 3820 Martini
1316 3750 1472 3821 Vioeiudi·

344 3858 393 3926 eis
409 3857 504 3927 Curis
520 3865 627 3926 vestre
651 3859 843 3927 satisfacere
867 3860 1037 3946 eripientes
1061 3867 1207 3929 nostrum
1224 3861 1390 3930 homiuem
1403 3856 1472 3926 fide·

346 3963 482 4048 dignum
508 3965 640 4032 nomine
660 3966 790 4033 Petrum
807 3966 962 4059 olerioum
987 3967 1054 4034 aori
1079 3969 1187 4035 nostri
1204 3967 1247 4033 ad
1263 3967 1430 4035 sciendum
1443 3970 1471 4033 et

344 4071 571 4155 inquirendum
587 4070 628 4139 de
643 4073 812 4158 premissis
828 4073 981 4143 duximus
998 4074 1239 4142 destinandum.
1258 4073 1325 4153 Qui
1340 4082 1471 4162 postmo
1575 4129 1577 4134 ,

345 4175 422 4242 dum
445 4175 488 4245 ad
504 4198 564 4248 nos
580 4197 729 4247 reuersus
747 4179 788 4248 de
803 4182 954 4249 omnibus
978 4189 1011 4249 et
1027 4181 1167 4266 singulis
1184 4183 1415 4269 premissorum
1432 4179 1474 4246 ia·-

346 4287 400 4348 ota
415 4284 567 4370 diligenti
584 4293 616 4352 et
630 4284 719 4354 fideli
743 4287 960 4371 inquisieione
969 4341 979 4377 ,
1011 4308 1048 4357 se
1072 4288 1213 4357 sciuisse
1244 4288 1306 4356 heo
1321 4294 1471 4356 annotata

344 4387 432 4455 inira
447 4393 653 4477 presentibus
668 4393 762 4461 nobis
787 4402 939 4464 oretenus
956 4403 1006 4463 est
1027 4395 1215 4482 consessus:
1240 4395 1330 4481 quod
1345 4397 1380 4462 in
1395 4395 1470 4461 festo

347 4489 461 4562 Sancti
478 4497 650 4584 Laurenoij
668 4500 816 4590 proxime
831 4521 918 4568 nuno
933 4503 1047 4590 elapso
1064 4524 1106 4572 ex
1114 4503 1320 4572 adduooione
1335 4501 1469 4572 eiusdem

346 4595 528 4687 Michaelis,
546 4612 641 4689 prout
657 4607 750 4676 homo
766 4613 875 4676 noster
885 4628 984 4696 snper
1000 4608 1061 4678 hoo
1076 4609 1161 4680 seire
1176 4611 1284 4698 potuit
1298 4610 1474 4688 veritatem,
