3124 5194
894 322 1052 419 ..Q

388 533 442 582 -ae
456 513 617 598 Lorando,
633 513 766 580 Andrea
776 519 807 580 et
825 513 975 583 Dionisio
990 517 1070 599 filijs
1082 513 1219 584 Adriani
1235 517 1278 584 ab
1294 517 1401 584 altera
1425 536 1519 584 eoram

404 621 498 689 uobis
514 622 728 707 personaliter
742 621 939 703 constitutis,
957 623 1162 690 declaratum
1180 623 1288 689 extitit
1305 621 1518 710 pererrem,

404 729 490 813 quod
505 736 632 796 sextam
648 735 773 814 partem
789 736 877 797 terre
893 731 983 797 lloro
995 739 1111 798 vocate
1127 729 1357 797 vendidissent
1373 733 1405 794 et
1419 728 1519 797 disua-

402 835 597 923 xisseutpro
607 835 720 904 decern
731 843 764 904 et
780 819 1153 922 cuatuormarcisplenc
1169 837 1356 904 ab-oisdem
1372 835 1520 905 habitiset

401 944 552 1030 receptis,
566 943 656 1028 Syke
672 952 703 1010 et
718 942 862 1012 lobuuni
878 944 956 1029 filijs
972 943 1102 1010 Nicolai
1113 967 1121 1028 ;
1134 952 1167 1010 et
1176 962 1235 1029 per
1250 943 1343 1029 ipsos
1360 943 1520 1012 eorumbe

402 1047 542 1134 redibus,
551 1049 772 1132 heredumque
781 1068 912 1117 suorum
929 1049 1180 1135 successoribus,
1202 1056 1374 1134 perpetuo,
1390 1047 1521 1134 pacifice,

388 1163 436 1222 -et
451 1156 708 1226 irrevocabiliter
733 1155 962 1241 possidendam
988 1158 1086 1243 pleno
1102 1156 1191 1240 iure;
1208 1165 1420 1224 assumentes
1434 1163 1465 1221 ct
1477 1159 1519 1224 ob
1551 1157 1553 1184 ³

400 1263 541 1348 ligantes
558 1264 659 1351 ijdem
675 1263 881 1350 Benedictus,
897 1264 1100 1349 homberias,
1118 1263 1315 1349 Stephanus,
1332 1263 1520 1330 Andreasae

400 1372 458 1457 alij
476 1371 607 1455 cognati
622 1371 767 1456 ipsorum
782 1371 974 1456 supradicti,
1003 1371 1234 1457 etquicunque
1250 1372 1420 1457 predictos
1435 1370 1520 1456 Syke,

399 1485 433 1546 et
448 1477 632 1545 iohannem
648 1477 735 1546 filios
751 1477 901 1564 Nicolai,
926 1499 1025 1564 super
1049 1479 1135 1544 bono
1158 1487 1244 1545 terre
1260 1477 1424 1564 premisse
1438 1477 1520 1544 mole·

401 1595 491 1653 stare
506 1587 693 1672 niterentur,
710 1585 812 1670 ijdem
828 1584 1037 1672 Benedictus,
1053 1585 1187 1670 cognati
1205 1593 1238 1653 et
1261 1586 1384 1653 fratres
1400 1585 1519 1652 suine

396 1693 516 1757 morati
526 1691 665 1776 proprijs
676 1691 851 1776 laboribus,
864 1699 896 1757 et
906 1692 1060 1776 expensis
1071 1699 1246 1760 teneantur
1256 1693 1427 1778 expedire
1435 1693 1519 1758 Ouios

403 1797 532 1882 quidem
548 1808 633 1866 terre
650 1819 764 1867 cursus
779 1807 865 1866 mete
874 1800 1034 1883 incipiunt
1045 1827 1052 1866 :
1063 1801 1174 1866 Prima
1190 1807 1277 1866 meta
1288 1799 1438 1865 eiusdem
1448 1806 1520 1864 terre

399 1907 492 1972 iuxta
508 1907 638 1973 domum
654 1908 769 1993 Bolha,
789 1915 821 1973 et
845 1908 913 1973 blili
931 1914 963 1973 et
978 1907 1132 1991 Komlos3
1160 1915 1192 1974 et
1208 1905 1413 1983 indetendit
1427 1905 1468 1971 ad
1481 1905 1518 1970 iu-

398 2016 504 2081 sulum
522 2013 622 2098 Moro,
642 2020 674 2079 et
690 2015 793 2080 saltat
809 2013 850 2080 ad
868 2015 1030 2098 senatum,
1056 2013 1174 2080 deinde
1191 2013 1295 2080 tendit
1319 2011 1365 2079 ad
1381 2007 1518 2098 Kysluko

397 2140 510 2186 nemus
526 2120 615 2186 Boad
632 2121 724 2186 iuxta
740 2141 893 2203 magnam
918 2121 1026 2204 viam,
1054 2130 1086 2188 et
1102 2121 1179 2187 inde
1194 2121 1313 2187 transit
1329 2139 1446 2186 nemus
1459 2137 1517 2204 par

398 2229 518 2312 nulum,
536 2235 568 2292 et
579 2227 728 2294 ascendit
739 2249 851 2295 versus
863 2229 1028 2316 Kylether,
1041 2235 1073 2295 et
1088 2230 1134 2294 ibi
1149 2235 1224 2295 sunt
1235 2229 1515 2307 duemeteterreo3

398 2339 433 2399 et
448 2333 524 2400 inde
540 2335 645 2401 tendit
662 2335 706 2400 ad
731 2342 851 2402 metam
877 2343 1017 2403 terream
1033 2335 1224 2421 Qualepod,
1255 2342 1287 2400 et
1302 2335 1469 2401 Kulether.
1484 2332 1516 2395 Et

397 2459 478 2526 sepe
508 2440 692 2508 nominatus
718 2443 808 2528 Syke
839 2450 871 2508 et
904 2442 1073 2510 Johannes
1104 2442 1335 2527 obligauerunt
1367 2461 1405 2508 sc
1435 2457 1517 2523 snper

404 2569 454 2632 eo,
488 2555 521 2614 ut
552 2547 736 2632 quicunque
769 2551 900 2634 cognati
925 2553 1069 2634 ipsorum
1095 2551 1186 2616 litem
1218 2570 1348 2618 mouere
1381 2566 1517 2615 conaren-

399 2661 450 2722 tur
465 2662 577 2723 oontra
593 2655 805 2723 Benedictum
832 2666 863 2724 et
878 2660 996 2725 fratres
1013 2679 1108 2744 suos,
1132 2657 1231 2742 ijdem
1248 2658 1340 2742 Syke
1357 2665 1391 2724 ct
1406 2655 1513 2723 Joban·

396 2783 454 2829 nes
471 2761 690 2847 supradictam
716 2772 836 2830 terrem
862 2767 952 2832 bloro
970 2763 1125 2852 expedire
1150 2767 1357 2831 tenebuntur.
1375 2763 1445 2830 Hoc
1460 2779 1513 2826 non

396 2871 611 2952 obmittendo,
639 2879 673 2937 vt
704 2873 733 2937 si
757 2873 825 2938 fieri
842 2873 1053 2957 contingeret,
1081 2871 1166 2956 quod
1184 2873 1301 2940 Comes
1327 2871 1452 2954 Vatha,
1467 2872 1514 2933 aut

394 2977 451 3062 lilij
469 2979 519 3045 sui
534 2977 624 3043 litem
636 2999 769 3046 mouere
780 2987 1015 3065 attemptarent
1024 2987 1138 3047 eontra
1147 2978 1359 3046 Benedictum
1377 2976 1511 3044 heredes

395 3104 457 3167 que
473 3105 559 3170 suos,
576 3091 695 3150 extunc
720 3085 811 3171 Syke
827 3093 859 3152 et
875 3084 977 3152 frater
1009 3105 1086 3153 suus
1115 3087 1284 3153 lohannes
1311 3085 1433 3170 pariter
1448 3099 1509 3146 eun

394 3191 570 3258 Benedieto
588 3189 826 3274 heredibusque
841 3193 911 3260 suis
929 3191 1050 3259 debent
1065 3192 1219 3259 resistere
1235 3191 1353 3259 Comiti
1370 3190 1472 3256 Vatba
1484 3195 1512 3252 et

392 3297 470 3383 filijs
487 3299 556 3365 suis
585 3300 781 3366 memoratis.
812 3301 852 3365 In
878 3300 969 3367 euius
986 3302 1033 3368 rel
1060 3299 1248 3368 memoriam
1264 3305 1510 3384 perpetuamque

392 3406 575 3472 firmitatem
592 3411 758 3488 presentes
775 3405 996 3474 concessimus
1021 3407 1148 3474 litteras
1174 3405 1278 3491 sigilli
1294 3405 1396 3473 nostri
1420 3401 1512 3468 muni·

393 3513 479 3578 mine
494 3511 674 3578 roboratas.
691 3513 812 3580 Datum
839 3515 1000 3582 sabbatho
1017 3517 1176 3600 proximo,
1197 3549 1237 3561 -
1259 3551 1297 3560 -—
1318 3549 1362 3561 -
1377 3527 1511 3577 -auno

392 3615 525 3682 Domini
542 3615 661 3682 M⁰GO⁰
676 3621 885 3704 nonagesimo
910 3622 1032 3705 quinto.

382 3789 528 3860 (Eredetie
541 3793 716 3862 berhtrtyln,
732 3800 809 3850 1848.
830 3801 898 3852 eldtt
910 3815 928 3852 a
941 3796 1173 3865 salathnebtnyai
1199 3795 1465 3866 bdnyatbrvbnysubk
1476 3795 1509 3845 le·

486 3880 646 3936 reltlrlban
659 3887 805 3942 brictetett.
827 3889 905 3940 Kezli
921 3891 977 3945 tek.
992 3887 1124 3941 Kamendi
1137 3886 1250 3954 Virady
1263 3871 1352 3944 uldam
1363 3886 1411 3954 rlr.)
