3234 5194
75 1167 139 1228 HI.
158 1167 279 1232 Fmdra
295 1167 407 1250 klrdly
423 1167 686 1251 birouysu'plcuele
707 1189 786 1231 uzon
808 1171 1084 1256 per-cppcuac'qrdl
1095 1221 1102 1251 ‚
1132 1175 1213 1257 ruudp

81 1273 203 1340 Tameia
232 1285 347 1377 meatur·
372 1277 556 1360 cacto-ryomi
586 1297 628 1339 sa.
666 1275 787 1339 Tantulo
819 1277 954 1361 epptctzi
980 1279 1113 1363 proposi
1129 1285 1159 1343 e's
1190 1304 1213 1342 o
1299 1265 1304 1274 ’

76 1383 279 1466 npdlsziqeti
305 1381 535 1465 apdczazdrdo
552 1381 621 1446 luzo
645 1407 666 1444 α
687 1384 773 1466 pesti
800 1383 1043 1468 vumjuvedetcm
1061 1384 1214 1467 solerem

414 1491 594 1574 tuirypribun
621 1489 881 1556 contrectatam.

183 1683 339 1751 Andreas
355 1685 415 1751 Dei
425 1685 538 1769 gracia
556 1685 735 1769 Hungarie,
747 1686 927 1773 Dalmacie,
943 1684 1089 1773 (troanie,
1101 1689 1213 1774 Reme,

14 1785 15 1788 ’
78 1793 202 1876 Seruis,
222 1791 377 1876 Gallicis,
395 1792 604 1878 Lodomerie,
630 1790 796 1876 Cumanie,
815 1791 1030 1878 Bulgarieque
1063 1795 1132 1859 Rex
1149 1813 1212 1858 om·

78 1901 171 1964 nibus
188 1898 314 1965 Christi
345 1899 497 1968 fidelibus
529 1907 713 1984 presentem
729 1901 882 1985 paginam
907 1901 1098 1986 inspecturis
1124 1899 1208 1965 salu-

13 2091 14 2098 *
79 2006 200 2072 tamin
228 2007 373 2072 omnium
401 2006 574 2074 saluatore.
603 2007 654 2073 Ad
680 2008 899 2074 uniuersorum
926 2008 1077 2074 noticiam
1104 2013 1214 2073 tenore

80 2113 286 2196 presencium
303 2114 417 2180 harum
433 2115 516 2181 serie
533 2119 679 2182 uolumus
695 2117 877 2201 peruenire,
904 2115 989 2198 qnod
1017 2135 1090 2180 cum
1118 2134 1210 2180 vene·

82 2219 191 2288 rabilis
208 2228 305 2306 pater
321 2219 470 2289 dominus
485 2223 695 2290 Lodomerius
712 2223 925 2290 miseracione
950 2222 1071 2288 Diuina
1102 2221 1214 2286 Archi·

81 2329 255 2414 episcopus
270 2327 504 2410 strigoniensis
521 2337 554 2395 et
569 2330 685 2396 Comes
701 2339 875 2416 perpetuus
899 2330 962 2396 loci
989 2326 1132 2395 eiusdem
1159 2349 1211 2396 no·
1279 2406 1283 2416 Ι

84 2437 166 2502 mine
182 2441 215 2501 et
231 2435 306 2500 uice
321 2435 469 2520 Magistri
485 2437 608 2504 'l'home
623 2437 784 2522 Preporiti
802 2437 948 2504 Ecclesia
965 2435 1077 2503 Sancti
1088 2435 1212 2500 Thome

13 2555 16 2570 '
84 2542 222 2608 martiris
238 2541 282 2606 de
298 2542 493 2628 promotorio
508 2543 733 2628 strigoniensi,
757 2541 1054 2610 scolarisPaduani
1071 2541 1113 2608 ad
1139 2561 1210 2628 pre-

14 2731 15 2738 ,
84 2668 162 2736 scus,
178 2669 280 2734 super
296 2647 433 2716 dimidia
449 2657 542 2737 parte
567 2650 678 2718 tributi
711 2651 770 2716 lori
802 2652 843 2718 do
876 2658 986 2716 uetere
1017 2650 1105 2734 villa,
1138 2650 1213 2716 Post

14 2743 16 2834 ἓ
85 2767 194 2822 eontra
209 2757 382 2840 religiosas
409 2763 441 2822 et
457 2758 527 2824 Deo
543 2755 678 2825 denotas
697 2777 864 2844 personas,
892 2777 1019 2825 sorores
1036 2763 1067 2822 et
1092 2757 1209 2822 sancti·

14 2867 17 2934 i
85 2863 237 2932 moniales
254 2865 402 2932 Ecclesie
418 2863 520 2932 Beate
538 2865 739 2956 Virginislde
754 2864 866 2932 Insula
882 2864 1037 2932 eiusdem¹
1052 2865 1092 2930 de
1119 2865 1209 2930 Buda

14 2959 16 2977 ’
88 2969 214 3040 Ordinis
239 2974 390 3040 Fratrum
415 2973 637 3040 Predietorum
663 2973 815 3040 mouisset
839 2972 1006 3038 materiam
1023 2972 1213 3054 questionis,

89 3081 264 3164 predictam
283 3080 454 3148 dimidiam
479 3089 604 3166 partem
629 3081 742 3147 tributi
766 3081 943 3147 Pestiensis
969 3100 1009 3144 ex
1035 3079 1214 3148 donacione

15 3195 16 3244 l
91 3187 205 3254 domini
220 3188 364 3255 Emeriei
378 3188 477 3272 Regis
494 3187 635 3256 Illustris
651 3186 813 3272 qnondam
840 3187 1008 3270 Hungarie
1033 3187 1214 3271 progenito-

22 3319 24 3326 ’
91 3295 131 3362 ris
160 3297 261 3363 nostri
280 3296 323 3362 ad
349 3296 453 3381 ipsam
469 3294 651 3362 Ecclesiam
667 3295 780 3362 Sancti
795 3294 916 3362 Thomu
945 3313 1095 3360 asserens
1119 3293 1214 3378 perti·

93 3421 180 3486 nere;
196 3404 331 3470 tandem
363 3401 523 3485 exhibitis,
556 3403 719 3488 perlectis,
751 3402 924 3486 diligenter
956 3400 1150 3468 examinatis
1183 3407 1216 3465 et

92 3511 213 3594 plenius
228 3511 406 3578 intellectis
423 3511 497 3577 binc
513 3511 588 3578 inde
604 3530 701 3596 super
728 3509 874 3596 predicto
905 3510 1039 3593 negocio
1066 3509 1211 3593 parcium

16 3657 18 3662 .
93 3617 314 3699 instrumentis,
334 3620 457 3704 placuit
472 3617 621 3704 partibus
638 3619 792 3705 apposita
809 3623 899 3684 certa
916 3636 1013 3702 pena,
1031 3636 1126 3700 quam
1138 3636 1213 3703 pars

95 3744 152 3792 nou
167 3735 342 3814 acceptans
358 3727 490 3793 deberet
505 3728 636 3794 soluere
652 3727 740 3811 parti
757 3735 901 3793 nostrum
918 3724 1086 3791 arbitrium
1102 3743 1215 3808 accep·

93 3833 176 3920 tenti,
193 3840 304 3901 nostro
320 3854 356 3900 se
373 3835 571 3901 committere
587 3835 718 3902 arbitrio
735 3855 792 3901 seu
808 3833 916 3901 laudo.
935 3831 1001 3898 Sed
1028 3839 1105 3898 anto
1122 3851 1215 3896 euen-

95 3947 153 4004 tum
170 3943 269 4007 nostri
287 3941 414 4026 arbitrij
433 3941 518 4008 idem
535 3941 735 4010 uenerabilis
753 3947 844 4026 pater
860 3940 992 4006 nomine
1003 3937 1214 4005 dietiThome

96 4047 244 4134 Prepositi
261 4049 354 4116 Santi
380 4049 503 4116 Thome
529 4056 561 4116 et
586 4048 730 4134 Capituli
756 4048 818 4135 sui,
842 4047 1006 4129 religiosis
1031 4054 1065 4112 et
1091 4045 1214 4112 sanctis

96 4151 250 4244 iratribus,
266 4156 392 4224 scilicet
419 4158 551 4242 Wgrino
576 4157 643 4224 tilio
675 4157 822 4240 Magistri
853 4154 992 4221 Parauth
1024 4155 1064 4220 do
1096 4171 1216 4237 genere

18 4283 20 4288 ·
95 4261 210 4348 theat,
227 4264 385 4348 Gregorio
403 4267 546 4352 Lectore,
564 4267 665 4332 Paulo
681 4272 713 4331 et
729 4265 853 4331 Bricoio
870 4263 910 4328 de
928 4262 1049 4328 Ordine
1065 4261 1214 4326 Fratrum

20 4401 21 4404 =
96 4368 341 4460 Predicatorum‚
375 4374 575 4460 prolatarum
610 4375 835 4457 religiosarum
858 4389 1002 4437 sororum
1027 4367 1214 4449 Monasterij

19 4507 20 4554 3
98 4473 231 4546 Glorioso
246 4481 391 4564 Virginis
408 4482 510 4548 Maris
535 4480 577 4547 de
608 4482 719 4548 Insula
749 4479 902 4564 Budensi,
933 4475 1153 4544 mediantibus
1184 4481 1216 4538 et

19 4665 21 4694 Ι
99 4589 341 4672 conponentem
358 4589 460 4677 nobis,
478 4588 671 4674 quibusdam
689 4586 907 4655 l'cclesiarum
924 4583 1062 4650 Prelatis
1080 4591 1111 4648 et
1120 4583 1218 4648 Baro·
