3124 5194
878 427 894 436 .
927 333 991 400 aas

899 421 1033 433 -1..----

391 527 426 592 in
441 525 604 609 quandam
621 528 767 596 semitam
784 526 827 594 ad
844 547 999 612 magnam
1027 527 1115 594 uiam
1132 546 1191 610 per
1215 523 1361 592 medium
1375 527 1458 593 ville
1470 529 1520 596 de·

374 643 579 723 «currentem,
597 634 803 704 descenditur
828 655 888 718 per
914 633 1050 704 eandem
1075 635 1163 700 riam
1180 637 1225 704 ad
1241 637 1391 705 arborem
1409 638 1517 721 cerasi,

388 745 443 811 vbi
462 745 531 812 exit
545 743 585 812 de
599 746 673 830 ipsa
688 745 752 829 via,
769 752 802 810 et
825 742 918 808 uadit
934 743 1017 810 inter
1033 744 1114 811 duas
1130 746 1304 830 sessiones,
1321 746 1517 813 ascenditur·

389 874 453 936 que
468 851 511 920 ad
529 852 691 937 quandam
719 851 867 916 arborem
885 849 958 936 piri,
976 870 1040 933 que
1056 858 1105 918 est
1125 851 1218 918 iuxta
1234 853 1330 936 uiam,
1350 871 1414 940 per
1431 857 1528 935 quan

389 961 477 1027 viem
493 961 600 1028 eundo
617 959 744 1026 uenitnr
760 958 803 1024 ad
819 959 920 1025 aliam
945 960 1096 1026 arborem
1111 959 1172 1046 piri
1187 967 1352 1026 extantem
1369 961 1464 1028 insta
1478 960 1517 1026 ri·

389 1089 485 1134 neam
502 1069 654 1136 iuuenum
670 1065 900 1152 predictorum,
911 1065 1165 1148 ascenditurqne
1181 1066 1225 1134 ad
1240 1089 1336 1152 sepes
1352 1067 1516 1135 vinearum

392 1176 575 1262 earundem,
603 1182 635 1240 et
650 1173 768 1241 circuis
784 1174 876 1258 ipsas
893 1175 1027 1250 vineas;
1054 1173 1242 1240 ascenditur
1263 1194 1363 1260 supra
1389 1175 1515 1242 easdem

388 1304 503 1351 uersus
519 1283 795 1369 septemtrionem,
813 1287 845 1347 et
855 1281 888 1346 in
904 1281 1025 1346 uertice
1040 1283 1158 1348 montis
1174 1289 1249 1350 suut
1266 1280 1328 1350 duc
1344 1289 1451 1366 mete;
1467 1283 1514 1349 ab·

388 1391 466 1456 hinc
482 1391 546 1457 itur
571 1390 614 1456 ad
640 1388 806 1472 quandam
834 1388 982 1454 arborem
999 1409 1135 1472 quercus
1152 1390 1244 1456 iuxta
1259 1391 1393 1458 vineam
1411 1397 1515 1457 extan-

389 1505 471 1583 tem;
489 1499 576 1566 circa
592 1517 689 1580 quam
706 1497 835 1563 vineam
851 1495 1060 1564 descenditur
1083 1497 1127 1564 ad
1143 1499 1306 1583 quandam
1324 1499 1515 1566 semiramin

389 1605 530 1672 medium
556 1605 653 1674 uallis
679 1603 923 1692 decurrentem,
950 1609 982 1670 et
1006 1603 1101 1672 uadis
1116 1604 1161 1671 ad
1176 1625 1274 1674 unam
1291 1607 1444 1672 arborem
1460 1604 1514 1692 piri

388 1715 422 1780 in
439 1713 579 1797 quadam
604 1715 700 1780 niuea
727 1713 940 1796 existentem
973 1711 1125 1781 ascendis
1149 1713 1193 1779 ad
1208 1714 1362 1781 uerticem
1378 1713 1423 1779 ad
1440 1714 1513 1782 duaa

389 1828 492 1888 metas
522 1826 663 1905 terreas;
696 1819 805 1902 itaque
820 1817 1029 1888 descenditur
1053 1839 1168 1889 uersus
1194 1823 1463 1907 septemtrionem
1486 1827 1515 1888 et

388 1929 489 1994 intrat
504 1927 537 1994 in
554 1927 718 2012 quandam
734 1928 876 2013 vallem,
910 1949 1010 2015 prope
1035 1929 1147 1996 sillam
1171 1929 1239 1995 Vrb
1257 1938 1333 2000 sunt
1349 1929 1416 1998 due
1436 1937 1513 1998 mete

387 2043 511 2119 terrce;
529 2036 698 2104 dehincad
715 2036 863 2103 arborem
894 2035 957 2122 piri
974 2041 1060 2103 terra
1076 2035 1284 2129 cumulatam,
1299 2035 1470 2108 descendit
1482 2039 1511 2104 in

377 2143 550 2226 quandam
566 2144 685 2212 vallem
709 2145 921 2212 netrevillam
938 2144 1041 2230 Wrb3
1069 2151 1100 2210 et
1125 2146 1284 2213 currendo
1308 2167 1412 2231 usque
1426 2145 1468 2213 ad
1480 2147 1508 2211 b-

388 2271 461 2318 nem
477 2251 579 2337 ipsius
595 2251 693 2320 vallis
709 2252 857 2320 ascendit
885 2253 929 2318 ad
951 2273 1048 2321 unam
1072 2255 1220 2322 arborem
1234 2254 1332 2341 yliois
1348 2253 1508 2341 consigna-

386 2362 455 2424 tam
471 2379 528 2446 pro
545 2366 649 2446 meta,
674 2357 729 2426 vbi
746 2358 846 2428 intret
873 2361 907 2426 in
933 2360 1097 2444 quandam
1123 2361 1242 2430 siluam
1259 2363 1407 2430 Funesth
1424 2383 1507 2431 uoca-

387 2473 471 2549 tam;
489 2465 523 2531 in
539 2486 604 2551 qua
619 2455 706 2534 silua
720 2466 930 2554 procedendo
952 2468 1121 2536 descendit
1146 2487 1252 2552 usque
1269 2468 1311 2536 ad
1329 2489 1445 2554 aquam
1461 2471 1507 2536 de-

386 2581 562 2640 currentem
580 2573 620 2642 de
635 2576 724 2642 valle
747 2573 791 2640 ad
806 2573 888 2642 duas
908 2577 1042 2644 arbores
1059 2575 1140 2662 sagy
1165 2596 1260 2644 cruce
1286 2577 1432 2662 signatas
1453 2597 1504 2664 pro

377 2689 482 2770 meta,
500 2683 609 2766 ibique
624 2683 825 2751 terminetur.
844 2685 883 2751 ln
899 2685 991 2752 cuius
1007 2685 1054 2751 rei
1070 2687 1258 2754 memoriam
1283 2693 1448 2773 presentes
1461 2687 1508 2754 lit-

386 2795 474 2856 teras
490 2797 601 2857 nostro
617 2791 728 2874 sigillo
754 2793 970 2860 concessimus
995 2796 1162 2862 roboratas
1199 2796 1316 2863 Actum
1339 2815 1424 2864 anno
1446 2795 1505 2862 Du·

387 2899 465 2964 mini
497 2898 665 2988 millesimo
691 2897 760 2964 00⁰
785 2901 997 2984 nonagesimo
1023 2907 1125 2984 sexto,
1142 2921 1256 2969 mense
1280 2903 1420 2989 Marei03
1444 2902 1503 2970 sc·

385 3006 493 3092 phano
510 3005 661 3097 cantore,
678 3007 816 3075 Nicolao
828 3006 979 3095 Custode,
997 3008 1099 3076 altero
1116 3009 1252 3075 Nicolao
1269 3011 1412 3096 Deceno,
1429 3020 1502 3079 cete-

385 3115 494 3198 risque
535 3116 777 3200 quampluribus
802 3115 923 3182 ibidem
949 3117 1144 3186 extantibus.
1169 3118 1289 3185 Datum
1316 3140 1375 3204 per
1398 3137 1502 3186 manus

384 3221 533 3306 Magistri
551 3221 639 3289 Galli
656 3221 800 3289 Lectoris
817 3220 1188 3306 Quinqueecolesiensis.

382 3419 526 3486 (Eredetie
540 3416 712 3485 bdrhrirtyltm
728 3437 742 3469 a
756 3419 848 3486 pecsdt
860 3419 1123 3487 sdrga-ibclpaszind
1137 3421 1366 3490 selyernasindron
1390 3425 1464 3488 idgffi
1483 3435 1499 3473 ι

702 3511 785 3562 budai
797 3511 848 3560 kir.
863 3511 985 3563 kamarai
1004 3507 1194 3578 lerdite'rrban.)

841 3797 1056 3810 ψ*-
