3132 5192
597 969 649 1038 te.

1 1133 2 1139 ἵ
87 1177 177 1242 Jciaca
192 1171 332 1258 spalatoi
346 1173 432 1238 creet
457 1171 578 1238 mltos
605 1173 779 1238 scandebat
798 1173 984 1259 pcapokoet
999 1173 1201 1259 meplanppja,

88 1282 163 1369 lopy
177 1281 312 1368 cpybciei
323 1281 492 1365 batosdprtt
507 1281 585 1345 ceole
599 1283 688 1367 aajdt
700 1282 842 1367 pitapiilci
866 1282 1068 1368 mepydjc'btn
1083 1282 1201 1370 ppalccr

526 1390 622 1476 roljn.
652 1391 749 1458 1293.

1 1680 2 1687 ἵ
181 1601 348 1671 Johanncs
364 1603 486 1670 Diuina
502 1602 717 1669 miseracione
743 1601 951 1688 Spalctensis
977 1602 1198 1688 Archiepisco

1 1690 3 1708 ’
84 1732 146 1798 pus,
162 1711 262 1777 tocius
279 1711 459 1794 Dalmacie,
478 1709 611 1777 (troncie
627 1709 863 1794 Solanonieque
878 1711 1006 1776 Primas
1016 1711 1199 1782 venerabili

1 1843 3 1907 3
85 1817 166 1884 lrstri
183 1818 310 1884 domino
328 1815 495 1907 N(ioolao)
512 1837 571 1903 per
587 1815 722 1883 eandem
741 1818 903 1902 Episcopo
919 1816 1140 1883 Scardonensi
1151 1837 1201 1884 sa-

1 1919 2 1926 '
83 1927 171 1994 lntem
187 1928 221 1993 in
236 1928 388 1995 Domino.
405 1927 561 1994 Testante
579 1926 679 1992 Sacro
708 1926 852 1993 Concilio
877 1947 962 1993 anno
986 1928 1140 2012 preterito
1167 1925 1202 1994 in

83 2035 205 2120 Spaleto
221 2035 394 2121 celebrato,
411 2036 581 2101 ordinasse
598 2054 637 2100 ac
653 2035 785 2102 firmiter
802 2036 986 2120 precepisse
1011 2034 1197 2124 recolimus,
1289 2080 1291 2086 -

1 2139 2 2174 ³
83 2141 159 2226 qnod
174 2143 282 2210 nullus
299 2145 577 2228 suffraganeorum
593 2149 774 2210 nostrorum
791 2143 824 2209 in
842 2142 1053 2228 preiudicium
1064 2141 1199 2210 alterins

1 2259 9 2314 ζ’
83 2251 221 2318 Diocesis
237 2251 281 2316 ad
296 2271 407 2319 sacros
424 2250 555 2317 ordines
571 2271 772 2337 promouere,
798 2257 855 2316 aut
878 2251 948 2316 alia
973 2250 1200 2318 ecclesiastica

1 2391 2 2394 ¹
83 2360 318 2446 etepiscopalia
333 2365 538 2428 sacramenta
566 2359 751 2425 ministrare
776 2363 949 2444 presumat,
976 2359 1035 2424 snb
1060 2379 1146 2444 pene
1170 2360 1200 2426 D

1 2444 2 2520 l
82 2465 247 2550 librarum
266 2465 325 2532 sed
340 2487 398 2533 sue
414 2467 561 2534 Diocesis
579 2466 697 2532 finibus
714 2467 757 2532 sit
767 2473 946 2532 contentus.
964 2464 1056 2542 Quod
1067 2485 1199 2552 precep-

1 2588 2 2620 t
84 2579 143 2636 tum
158 2581 190 2638 st
205 2581 272 2640 tarn
289 2574 421 2641 salubre
437 2581 594 2640 statutum
610 2572 806 2641 venerabilis
824 2571 924 2638 irater
940 2580 1050 2640 noster
1061 2573 1202 2660 G(rego-

1 2705 3 2734 t
82 2679 157 2765 rins)
172 2681 230 2747 Dei
243 2681 596 2766 graciaTragnriensis
613 2681 794 2766 Episcopus
805 2681 837 2745 in
847 2680 931 2748 festo
940 2680 1033 2747 Beati
1044 2683 1199 2770 Dompnij

1 2795 2 2806 ¹
80 2789 276 2872 presentibus
293 2791 413 2856 nostris
429 2791 656 2876 suffraganeis,
671 2793 704 2856 in
720 2791 873 2858 vninerso
899 2788 995 2855 Glero
1022 2811 1077 2856 vos
1104 2789 1199 2856 infre

1 2917 2 2939 ³
78 2897 160 2980 gisse
177 2898 322 2981 grauiter
338 2899 433 2964 nobis
450 2907 499 2964 est
516 2905 727 2983 conquestns;
764 2897 884 2985 dicens,
902 2917 961 2966 vos
972 2898 1200 2968 Sibenicenscs

1 3011 3 3100 ξ
79 3005 203 3070 clericos
220 3004 265 3070 ad
281 3025 392 3072 sacros
410 3006 542 3072 ordines
554 3005 767 3091 promouisse,
778 3026 817 3072 ac
828 3005 874 3071 sis
886 3005 1003 3072 crisma
1014 3004 1200 3088 contulisse,

1 3103 2 3140 ³
78 3131 210 3179 necnon
227 3113 392 3197 baptisma
408 3114 625 3198 paruulorum,
644 3135 683 3179 ac
713 3112 779 3180 alia
810 3118 1018 3178 sacramenta
1051 3111 1199 3178 caresia-

77 3221 149 3286 stica
165 3227 196 3288 et
206 3222 411 3307 episcopalia
427 3223 611 3289 celebrasse
622 3221 655 3287 in
667 3221 939 3306 snipreiudicinm
951 3227 984 3287 et
994 3238 1192 3304 grauamen3

1 3339 2 3410 ζ
75 3325 229 3395 condicti
248 3329 355 3396 clerici
371 3329 598 3398 Sibenioenses
615 3335 757 3398 ettotnm
776 3327 960 3410 Sibenicprn
976 3329 1116 3396 subiecti
1126 3325 1192 3396 sint

75 3437 111 3502 de
124 3436 190 3503 iure
205 3437 367 3524 Episcopo
384 3445 417 3505 et
433 3439 646 3525 Episcopatni
661 3437 872 3523 Traguriensi
889 3465 896 3524 ;
914 3443 1110 3504 excusantes
1136 3457 1195 3504 vos

76 3545 175 3610 onnia
191 3545 381 3632 supradicio
396 3554 507 3616 nostro
523 3548 679 3616 mandato
696 3554 727 3614 et
742 3550 935 3615 auctoritate
950 3546 1076 3615 fecisse.
1102 3545 1196 3614 Hanc

76 3661 165 3720 totam
183 3674 275 3721 snam
293 3656 526 3740 querimoniam
542 3656 636 3723 nobis
660 3655 860 3742 inpingendo
878 3661 909 3721 ot
925 3662 1037 3722 contra
1052 3675 1112 3722 nos
1123 3675 1198 3722 con.

76 3762 233 3848 pertendo,
251 3763 422 3848 plurimum
439 3765 544 3852 nobis,
560 3763 639 3848 quin
662 3764 774 3850 pocins
791 3763 1035 3849 supramodum
1053 3763 1198 3832 debitum

1 3887 2 3948 l
77 3871 175 3938 extitit
205 3871 342 3939 infestus
373 3879 407 3937 et
437 3874 603 3963 molestus,
631 3879 784 3958 nuquam
810 3875 951 3958 grauiter
976 3873 1141 3941 sanciatus
1168 3880 1200 3940 et

1 3974 2 4056 l
76 3977 217 4047 afflictus.
236 3982 318 4047 Etsi
333 3981 416 4047 bene
442 3981 594 4064 recolitis,
622 4001 694 4047 cum
719 4001 824 4068 nuper
851 3981 885 4046 in
911 3981 1067 4048 societate
1092 3981 1186 4048 Pauli

1 4075 2 4102 ¹
75 4087 150 4156 Rani
167 4091 211 4156 ad
226 4111 286 4158 nos
302 4091 499 4174 accessistis,
518 4109 615 4176 snper
632 4091 746 4158 eodem
763 4091 851 4159 tacto
869 4111 935 4156 non
951 4091 1053 4157 solnm
1072 4111 1092 4156 a
1116 4091 1193 4156 Tre-

1 4236 2 4254 r
76 4197 281 4283 gnriensibns,
301 4199 477 4267 sedeciam
496 4220 516 4265 a
532 4198 782 4286 spalatensibus
798 4197 1011 4283 grauissimas
1037 4197 1196 4288 lamenta

1 4314 2 4384 ἦ
75 4306 188 4391 ciones,
207 4313 238 4371 et
254 4307 416 4374 terribiles
431 4309 688 4393 conquestiones,
707 4309 739 4373 in
756 4307 928 4392 presencia
953 4304 1073 4371 domini
1099 4305 1189 4371 Poto

1 4393 2 4430 ³
75 4412 159 4479 statis
174 4413 390 4503 spalatensis,
401 4421 433 4483 et
443 4415 584 4483 omninrn
602 4413 758 4482 nobilium
771 4412 907 4500 Spoleti,
917 4433 983 4479 non
997 4413 1121 4494 absque
1132 4430 1203 4477 tna-2

74 4541 129 4604 gno
144 4523 243 4590 nostri
260 4523 368 4590 cordis
385 4523 506 4611 dolore,
525 4522 664 4589 etmulti
681 4521 870 4589 conaminis
887 4539 1007 4605 egone,
1024 4517 1198 4605 opprobria

73 4636 164 4702 eciam
180 4639 290 4701 contra
306 4653 368 4700 nos
384 4635 491 4718 rigida
507 4642 537 4700 et
554 4633 644 4720 dura,
672 4651 790 4718 aspera
816 4639 848 4699 ct
877 4633 1014 4698 molesta
1041 4635 1188 4720 appella-
