3124 5194
796 325 957 431 gog

311 527 395 594 deus
411 526 626 612 presenciam,
642 525 726 591 dixit
741 525 836 591 uobis
852 525 980 608 publiea
1006 525 1229 610 protestando,
1248 521 1332 608 quod
1347 520 1452 588 eines

313 635 419 704 Castri
434 634 597 700 Budeusis
613 633 654 700 de
670 633 791 700 tributo
808 652 867 716 per
882 631 1048 702 dominum
1068 632 1182 698 Belum
1199 633 1322 714 Regem
1339 649 1444 714 quou-

312 741 389 808 dam
406 739 551 808 inolitum
566 737 671 824 Regni
687 737 855 823 Hungarie
881 737 989 805 felieis
1005 736 1246 808 reeordationis
1262 737 1366 807 eidem
1379 736 1452 802 Eo-

313 849 414 918 olesie
430 849 533 915 Beate
548 846 694 931 Virginis
710 854 742 913 et
756 845 839 932 ipsis
857 846 1022 913 sororibus
1046 846 1115 914 suis
1131 847 1208 915 dato
1225 853 1257 912 et
1272 864 1443 928 concesso,

314 967 347 1024 et
359 975 421 1042 per
445 956 610 1024 dominum
635 955 801 1022 Andream
826 973 913 1021 nune
940 953 1101 1022 illustrem
1126 957 1249 1040 Regem
1275 953 1448 1034 Hungurie

313 1063 479 1130 dominnm
495 1069 638 1130 nostrum
654 1081 713 1150 per
738 1081 833 1129 sunm
860 1060 1065 1146 priuilegium
1092 1065 1300 1148 confirmato,
1317 1060 1451 1128 doloro

313 1169 544 1256 nundinarum,
563 1167 649 1253 quod
664 1167 699 1234 in
715 1167 839 1234 oetauis
858 1167 1051 1236 Natiuitatis
1067 1169 1170 1236 Beate
1187 1167 1338 1252 Virginis
1353 1167 1459 1236 Bude

316 1277 485 1345 aunuatim
519 1275 677 1343 celebrari
708 1277 884 1358 consueuit,
915 1273 978 1343 isto
1003 1295 1090 1342 anuo
1116 1276 1301 1361 quindecim
1334 1275 1452 1344 diebus

318 1387 499 1469 oontiuuis;
531 1393 564 1451 et
595 1384 636 1450 de
667 1389 775 1451 oestro
806 1403 846 1450 ao
877 1391 945 1451 toto
978 1384 1133 1452 suburbio
1164 1383 1310 1452 eiusdem
1342 1384 1455 1451 castri

315 1492 476 1560 Bullensis
492 1491 681 1560 tributarios
698 1498 731 1558 et
746 1489 906 1559 officiales
931 1493 1107 1559 earundem
1134 1512 1281 1558 sororum
1309 1491 1452 1559 auotori-

314 1605 385 1667 tate
399 1599 534 1686 propria
549 1598 770 1686 expulisseut5
785 1620 849 1665 uon
873 1599 1089 1685 permittendo
1105 1599 1263 1667 tributum
1278 1602 1316 1667 in
1332 1601 1449 1668 eodem

315 1707 397 1792 soro,
414 1715 521 1776 eastro
547 1713 580 1773 et
595 1707 748 1776 suburbio
764 1707 845 1795 ipsis
871 1707 1036 1775 sororibus
1064 1713 1097 1774 et
1121 1728 1233 1776 earum
1260 1709 1455 1776 hominibus

316 1815 494 1904 peroipere,
511 1827 547 1884 ut
563 1815 753 1902 deberetur,
773 1815 898 1884 eisdem
925 1816 1105 1902 dampnum
1128 1816 1350 1901 quingaginta
1365 1837 1451 1882 mar-

317 1944 428 1992 earum
444 1923 477 1990 in
495 1922 580 1992 sueto
598 1919 744 1990 eiusdem
761 1921 871 1988 tributi
887 1923 1011 1990 eisdem
1027 1925 1191 1991 sororibus
1208 1921 1400 2008 irrogando,
1416 1925 1452 1988 in

317 2031 532 2116 preiudioium
550 2029 654 2117 ipsius
671 2029 818 2096 Eeelesie
844 2037 876 2096 et
901 2031 1117 2096 dominarum.
1141 2032 1260 2098 Datum
1278 2050 1368 2096 anno
1385 2029 1450 2094 Do-

317 2139 397 2206 mini
413 2139 533 2206 M⁰OO⁰
548 2139 760 2222 nonagesimo
779 2139 832 2222 V0,
849 2139 882 2203 in
899 2138 1041 2204 erastino
1057 2138 1292 2222 quindenarum
1318 2137 1451 2205 Natiui-

316 2246 398 2312 tatis
414 2247 513 2312 Beate
530 2245 684 2328 Virginis.

320 2439 460 2507 (Eredetie
473 2439 658 2508 bb'rhn'rtytn‚
681 2441 809 2506 melyuolr
829 2437 907 2492 ntrul
920 2442 973 2492 orla
987 2447 1112 2507 nyomott
1123 2438 1244 2508 peosbtje
1257 2443 1411 2510 elvasaett3
1436 2462 1462 2496 ι

644 2531 727 2582 budai
741 2531 792 2582 kir.
806 2532 930 2581 lamanai
948 2527 1141 2598 lerbltrirban.)

851 3351 927 3420 133.

321 3553 370 3620 Aa
385 3559 456 3643 cyri
471 3552 697 3641 kdplulonouk
712 3553 987 3639 bizonysciqleoele,
1004 3553 1086 3638 bopy
1101 3551 1187 3616 Poros
1202 3572 1300 3617 eomes
1328 3554 1461 3618 Marat-
1501 3534 1505 3542 ,

322 3662 446 3746 oulefiu
462 3663 572 3727 Botor
586 3669 666 3725 neoti
681 3659 821 3726 timebor
836 3659 949 3724 Endre
974 3661 1043 3744 epri
1062 3659 1250 3746 pttspbltaeb
1275 3661 1454 3745 otenpedte.

838 3767 935 3834 1295.

432 3962 590 4032 Omnibus
606 3959 726 4028 Christi
741 3959 892 4028 fidelibus
908 3967 975 4026 tam
992 3961 1199 4046 presentibus
1215 3979 1313 4044 quam
1338 3960 1465 4028 futuris

323 4093 459 4160 presens
490 4070 648 4156 seriptum
671 4068 867 4154 inspecturis
893 4067 1076 4152 Capitulum
1115 4069 1261 4135 Eoelesie
1285 4067 1463 4153 Agrieusis

324 4183 463 4250 salntem
479 4179 514 4244 iu
532 4179 676 4246 omnium
692 4175 869 4244 saltatore.
897 4175 950 4241 Ad
975 4175 1199 4242 uniuersorum
1227 4175 1386 4242 uotioiam
1412 4183 1459 4243 te·

324 4307 404 4356 nore
419 4285 623 4373 presentium
640 4283 788 4352 uolumus
814 4283 997 4367 peruenire,
1013 4282 1100 4367 quod
1117 4281 1233 4350 Oomes
1259 4283 1346 4351 Pons
1370 4281 1462 4349 lilius

325 4399 436 4466 Marsa
451 4393 494 4461 ad
509 4401 653 4462 nostram
680 4390 896 4480 personaliter
922 4391 1083 4458 secedens
1107 4390 1313 4477 presentiam
1340 4407 1401 4456 sno
1427 4395 1462 4457 et

285 4536 288 4544 ⁴
327 4505 471 4575 omnium
488 4503 626 4570 liliorum
643 4520 773 4569 suorum
799 4499 930 4570 nomino
955 4499 1124 4585 proposuit
1148 4499 1225 4566 uiua
1250 4515 1342 4583 uooe,
1369 4495 1459 4582 quod

325 4619 448 4680 terram
465 4630 558 4678 suam
574 4609 675 4676 Batur
691 4614 841 4677 uocatam
850 4605 1045 4693 emptitiam,
1062 4607 1096 4673 in
1106 4605 1266 4674 comitatu
1277 4605 1319 4673 ds
1334 4604 1462 4672 Heues-
