3180 5202
929 986 1009 1054 270.

407 1187 439 1252 A
451 1188 652 1278 pecsodradi
667 1187 860 1252 konnentnek
867 1187 1020 1271 jelente‘ae
1051 1186 1115 1250 ΙΙΙ.
1131 1185 1244 1250 Eadre
1259 1185 1432 1271 dircilyhoz,
1444 1188 1519 1271 hopy

408 1321 431 1362 c
451 1296 585 1362 Telmun
601 1292 734 1360 birtclcot
749 1297 905 1378 tdrpyoad
920 1296 1079 1376 tdroeayes
1109 1293 1257 1380 le'pe‘seket
1273 1294 1359 1356 tenni
1387 1315 1448 1356 ceco
1459 1293 1516 1356 uolt

854 1399 1075 1484 tepea.1300.

516 1595 798 1664 Excellentissimo
820 1593 951 1662 domiuo
966 1611 1026 1660 ano
1049 1590 1180 1660 Andree
1203 1592 1267 1660 Dei
1291 1593 1405 1676 gracia
1416 1593 1521 1659 inclito
1578 1655 1579 1658 ,

408 1705 492 1790 Regi
508 1703 652 1788 Vngarie
669 1703 854 1770 Gonueutus
870 1701 1016 1770 Ecclesie
1028 1699 1221 1785 Mouusterij
1232 1699 1531 1766 waradieusuora·

407 1815 517 1880 ciones
532 1813 568 1880 in
590 1809 740 1878 Domino.
764 1807 957 1877 Serenitatis
982 1808 1095 1876 Vestro
1120 1809 1246 1874 litteras
1262 1811 1440 1873 reuerenter
1452 1825 1524 1874 rece

407 1919 513 2006 pimus
529 1916 775 1986 iuheouerba:
1576 1867 1580 2020 1

516 2023 665 2092 Andreas
695 2025 738 2090 D.
757 2043 805 2108 gr.
831 2023 904 2089 Rex
920 2023 1063 2106 Vngarie
1087 2019 1239 2088 fidelibus
1269 2020 1339 2088 suis
1368 2019 1476 2086 Abbati
1494 2026 1529 2087 et
1574 2031 1580 2176 1

411 2133 591 2204 Conueutui
610 2129 813 2200 wmadiensi
828 2133 890 2199 stb.
907 2127 1120 2218 (kdvctkeuik
1148 2128 1207 2196 ΠΙ,
1223 2125 1334 2196 duduc
1357 2126 1532 2213 kirttynnk
1578 2187 1580 2218 1

408 2259 580 2331 parauosa,
596 2240 678 2306 mint
691 2237 824 2306 seutebb
840 2239 917 2305 246.
932 2257 978 2304 su.
997 2233 1041 2322 e.)
1578 2221 1580 2296 ἰ

280 2343 286 2356 “
515 2347 586 2415 Nos
601 2347 700 2432 igitur
710 2343 1092 2428 oaunsaoereoupientes
1110 2349 1146 2409 ut
1155 2348 1312 2428 tenemur,
1329 2341 1537 2411 Celsitcdinis-
1578 2329 1580 2384 ἶ

410 2454 527 2522 Uestre
541 2450 705 2520 mandatis
720 2459 755 2520 et
768 2451 941 2538 preceptis,
962 2469 1034 2544 cum
1050 2448 1197 2536 predioto
1212 2448 1363 2517 Johauue
1377 2449 1442 2516 filio
1455 2449 1527 2515 Ber·
1578 2483 1580 2532 3

408 2559 502 2628 nalth
517 2558 558 2628 de
573 2579 692 2644 genere
714 2560 878 2626 Duruzma
905 2556 1035 2624 homino
1050 2563 1161 2626 vestro
1176 2575 1275 2624 vnum
1290 2575 1333 2623 ex
1347 2555 1447 2641 uobis,
1467 2555 1536 2622 sra—
1578 2535 1580 2548 ⁴

409 2675 490 2736 trem
506 2667 708 2753 Stephanum
734 2665 957 2751 sacerdotem,
983 2665 1148 2748 quondum
1173 2664 1336 2730 Abbetem
1350 2662 1527 2748 Monesterij
1578 2653 1580 2666 '

409 2776 520 2844 Sancti
530 2775 645 2843 Jacobi
662 2775 702 2842 de
718 2773 857 2861 Seleuyo
871 2793 930 2858 pro
947 2771 1134 2841 testimonio
1160 2770 1451 2840 transmisimussd
1464 2789 1532 2855 pre·

297 2881 304 2892 ’
409 2883 510 2952 missa
519 2882 659 2950 fideliter
670 2879 868 2966 exequenda
880 2878 1033 2964 Idemque
1049 2877 1216 2946 Johaunes
1231 2879 1329 2946 homo
1345 2883 1447 2945 uester
1460 2896 1529 2943 cum
1578 2957 1580 2964 Ι

406 2990 550 3078 predicto
565 2990 668 3056 fratre
682 2994 792 3055 nostro
807 3007 959 3056 reuersus
969 2985 1091 3073 adnos,
1106 2986 1218 3054 retulit
1234 2987 1348 3070 uobis;
1364 2987 1446 3070 quod
1459 2985 1526 3072 ipse

407 3099 575 3168 ‚Iohannes
590 3094 686 3162 homo
709 3101 818 3163 uester
832 3114 941 3163 eorem
958 3093 1071 3162 eodem
1095 3093 1196 3161 fratre
1211 3099 1322 3159 nostro
1339 3093 1536 3162 interisse

407 3204 515 3272 cunda
529 3203 678 3290 proxima
693 3209 768 3288 post
778 3201 975 3268 dominicam
988 3201 1129 3290 „Judice
1143 3201 1213 3266 rde‘
1235 3202 1425 3268 accedendo
1438 3219 1529 3286 super

409 3311 527 3380 faeiem
545 3310 630 3376 dicte
645 3317 731 3376 terre
753 3311 891 3376 norman
907 3315 1022 3377 uocate
1031 3361 1042 3396 ,
1070 3308 1182 3391 ibique
1197 3309 1327 3374 Petrum
1341 3307 1440 3374 filium
1454 3310 1532 3375 Mor-

407 3423 465 3484 tun
504 3417 546 3482 de
579 3415 742 3504 Tnlmauy
773 3416 1019 3500 generacionem
1053 3423 1087 3482 ct
1122 3415 1318 3484 seruientem
1350 3414 1429 3482 dicti
1458 3417 1530 3482 Rou-

406 3523 494 3607 boyd
514 3520 599 3590 idem
630 3523 726 3590 homo
757 3528 867 3590 uester
897 3523 1040 3591 misisset
1069 3523 1111 3590 ad
1134 3521 1291 3607 Rouboyd
1321 3528 1529 3606 prenotatam,

406 3627 593 3696 nunciando
623 3649 684 3715 per
713 3630 817 3717 ipsum
851 3633 981 3701 Petrum
1013 3631 1121 3699 eidem
1161 3630 1318 3716 Rouboyd
1356 3631 1455 3698 uerbo
1482 3649 1532 3696 ue·

409 3743 496 3816 stro,
525 3743 560 3803 ut
592 3743 623 3802 et
653 3737 724 3821 ipse
754 3737 912 3824 Rouboyd
942 3737 1099 3807 accedere
1137 3739 1256 3806 debeat
1294 3757 1397 3824 super
1426 3739 1528 3808 faeiem

404 3849 488 3908 terre
504 3841 644 3909 dulmen
661 3842 844 3930 antediote3
862 3845 1064 3930 quiquidem
1083 3845 1239 3933 Rouboyd
1255 3845 1335 3912 illuc
1354 3866 1421 3913 nou
1436 3845 1529 3913 uenis·

403 3957 463 4034 set,
481 3955 514 4016 et
529 3947 690 4016 nemiuem
706 3968 767 4035 pro
778 3970 814 4018 se
828 3950 1194 4049 illuc‘trausmississet,
1205 3950 1330 4020 eisdem
1341 3950 1471 4020 homine
1483 3969 1532 4018 ue

405 4062 471 4121 stro
488 4063 521 4123 et
535 4058 638 4122 fratre
663 4061 775 4122 nostro
802 4075 898 4141 nuper
923 4056 1008 4124 facie
1023 4057 1111 4126 dicte
1134 4065 1221 4125 terre
1244 4056 1389 4124 Tulmau
1404 4066 1472 4126 tcto
1485 4055 1529 4122 die

405 4163 653 4246 expectantibus
668 4181 771 4245 reque
787 4175 875 4231 sero·
897 4164 987 4232 Dixit
1014 4166 1118 4232 eciam
1144 4164 1240 4232 nobis
1257 4165 1427 4249 predictus
1441 4167 1534 4234 frater
1578 4231 1579 4240 ἢ

402 4275 525 4356 noster,
542 4269 629 4353 quod
645 4269 791 4356 prefatus
816 4270 984 4342 Johauues
1009 4273 1095 4344 filius
1120 4273 1281 4343 Bcrnnlth
1306 4274 1405 4344 homo
1436 4279 1533 4343 uester

404 4375 512 4458 ipsum
528 4375 660 4444 tranem
677 4383 822 4446 nostrum
838 4379 1029 4450 adduxisset
1048 4401 1148 4468 super
1177 4381 1347 4466 quendam
1362 4381 1527 4450 sessionem

405 4475 474 4544 siue
491 4481 614 4546 curiam
630 4483 692 4551 suh
717 4503 782 4551 vna
797 4492 893 4569 portu
908 4487 942 4552 in
958 4487 1109 4572 predicta
1132 4494 1222 4556 terra
1243 4487 1389 4556 Tulman
1405 4487 1531 4558 eristen·

405 4585 482 4668 tem,
500 4587 635 4654 ostendo
651 4585 738 4675 (igy)
754 4589 883 4658 scilicet
899 4591 1003 4660 eidem
1020 4593 1115 4662 fratri
1132 4602 1264 4682 nostro,
1290 4593 1401 4702 ipsam
1417 4593 1530 4664 curiam
1578 4631 1580 4642 ι
