3132 5192
867 261 912 328 90

819 347 978 360 *ιν-

325 456 470 524 tradidit
500 455 605 523 eidem
620 453 778 521 hainao
809 461 841 521 et
855 455 924 521 suis
940 451 1113 520 beredrbns
1139 446 1364 532 heredumque
1393 464 1458 513 sno-

335 583 402 628 rnm
416 563 658 630 suecessoribus
691 567 847 647 perpetuo
872 567 905 627 et
924 558 1180 628 irreuooabiliter
1206 551 1453 641 possidendam.

334 669 687 754 Guinsqnidemaliam
707 669 942 736 dimidietatem
962 667 1110 752 prelatus
1129 665 1244 731 Comes
1264 664 1407 730 Gosmas
1422 661 1459 726 ei·

327 776 398 844 dem
425 775 581 845 Ladizlao
605 777 718 844 eodem
742 777 847 844 Panlo
861 783 1011 862 presente
1028 783 1060 842 et
1069 773 1304 841 eonseneiente
1322 767 1414 834 dedit
1430 777 1459 832 et

327 884 462 951 donauit
476 893 638 970 perpetuo
653 882 903 970 possidendam,
918 891 1013 968 prout
1023 885 1058 948 iu
1083 883 1161 964 alijs
1192 878 1318 946 litteris
1344 876 1458 942 uostris

328 991 590 1076 priuilegialibus
617 989 745 1077 plenius
770 993 961 1058 continetur.
988 987 1175 1072 Obligando
1200 1007 1247 1074 se,
1273 984 1368 1070 quod
1392 982 1456 1067 qui·

329 1119 456 1182 ounque
472 1119 624 1184 proeessu
641 1105 819 1183 temporum
840 1097 977 1165 eundem
1009 1096 1199 1163 Ladizlaum
1225 1101 1287 1160 aut
1304 1113 1385 1158 suos
1414 1091 1459 1154 be-

324 1207 419 1274 redes
435 1207 564 1273 racione
579 1205 724 1292 prediete
747 1212 833 1273 terre
850 1206 903 1274 rel
919 1206 1137 1292 possessionis
1169 1205 1386 1288 attemptaret
1401 1199 1458 1264 lor·

325 1313 412 1380 sitan
427 1313 618 1400 molestare,
650 1313 720 1399 ipse
745 1315 862 1381 Comes
887 1313 1010 1380 Paulus
1034 1311 1195 1379 tenebitur
1219 1330 1279 1376 eos
1309 1304 1461 1393 expedire

326 1420 470 1504 proprijs
485 1419 652 1485 laboribus
668 1427 701 1486 et
718 1420 881 1505 expensis.
898 1421 938 1485 ln
953 1421 1045 1486 onius
1061 1419 1108 1484 rei
1117 1417 1311 1483 memoriam
1332 1431 1459 1500 presen-

325 1533 374 1592 tes
389 1527 606 1594 eoneessimns
622 1529 750 1596 litteras
759 1527 861 1611 sigilli
877 1528 979 1595 nostri
996 1527 1174 1593 munimine
1190 1526 1378 1592 taboratis.
1397 1523 1458 1586 Da·

325 1634 622 1702 tumannoDomini
634 1634 821 1702 millessimo
830 1632 1293 1714 dueentsssimononegesimo
1303 1629 1455 1696 mundo.

586 1814 615 1877 A
876 1812 903 1875 B
1163 1810 1189 1874 C

329 1995 464 2054 (Eredetre
474 1989 649 2058 bdrhdrtydm
659 1994 813 2044 adid-vitriis
826 1990 913 2058 suggd
923 1990 1015 2058 peesdt
1027 1992 1114 2052 alam
1129 2007 1144 2041 a
1158 1993 1241 2042 budai
1257 1993 1311 2041 loir.
1327 1989 1449 2038 kamsrsi

796 2079 985 2139 restitisses.)

782 2385 993 2398 ἢ

827 2919 901 2986 M.

322 3135 353 3202 A
368 3140 485 3225 saepest
500 3137 670 3222 ltdptalan,
687 3135 859 3220 ejpeeseoje
876 3137 967 3218 atad,
984 3135 1102 3220 loiadja
1120 3134 1269 3216 rara-ki,
1284 3135 1387 3201 Ferte
1395 3157 1450 3199 su·

348 3253 420 3330 peti
434 3248 529 3308 vabus
562 3243 842 3326 birtoknr'szonyait
858 3247 1014 3328 tcirqynzd
1028 3243 1309 3328 breonysu'pleoele't.
1330 3238 1424 3304 1292.

440 3455 625 3541 Capitulum
642 3455 788 3522 Eeolesle
813 3455 905 3521 Beati
930 3455 1062 3522 Martini
1086 3453 1127 3518 de
1153 3456 1277 3537 Seepns
1303 3455 1450 3522 omnibns

323 3561 442 3630 Christi
456 3562 615 3644 fidelibus,
625 3561 667 3627 nd
683 3581 765 3644 quos
781 3581 916 3646 presens
931 3563 1084 3647 seriptum
1102 3561 1296 3646 peruenerit,
1315 3564 1448 3628 salutem

324 3671 359 3736 in
375 3667 492 3734 salutis
509 3675 647 3732 anetore.
673 3669 842 3734 Vniuersis
869 3669 984 3752 quibus
1010 3668 1141 3752 expedit
1165 3676 1276 3735 notum
1303 3669 1448 3736 volumus

324 3775 394 3842 deri
409 3793 468 3859 per
482 3781 659 3860 presentes,
678 3774 764 3858 quod
790 3796 861 3842 eum
887 3775 920 3840 in
946 3776 1145 3860 spoliaoione
1169 3777 1318 3844 Eoolesie
1343 3781 1447 3844 nostre

322 3899 380 3966 per
394 3881 513 3964 Regem
529 3880 716 3946 Ladizlaum
733 3888 766 3947 et
782 3901 857 3950 suos
872 3884 1073 3968 Newgarios,
1090 3884 1174 3950 inter
1189 3883 1338 3970 dampna
1354 3901 1444 3967 qnam

322 3986 474 4072 plurima,
492 4007 556 4052 vna
571 4007 642 4051 enm
659 3989 756 4056 rebus
771 3989 845 4072 alijs
862 3990 1007 4074 sigillum
1035 3997 1178 4057 nostrum
1203 3991 1322 4060 fuisset
1348 3989 1446 4077 perdi·

322 4101 389 4160 tum
414 4099 447 4159 et
471 4095 637 4176 ablatum3
663 4114 721 4160 nos
746 4093 930 4178 iniquorum
956 4098 1110 4164 lullsoias
1136 4099 1293 4182 equitatis
1320 4099 1445 4167 tramite
1559 4101 1560 4132 l

322 4201 507 4268 resoiudere
525 4201 701 4287 cupientes,
718 4201 965 4285 omnigenarum
983 4203 1209 4270 condicionum
1237 4205 1368 4274 litteras
1392 4202 1447 4272 sub
1559 4275 1560 4282 ἵ

324 4307 459 4389 antiquo
476 4307 586 4390 sigillo
601 4313 712 4374 nostro
730 4315 899 4376 emanatas
917 4317 948 4376 et
964 4310 1140 4397 oonleotas,
1158 4331 1223 4393 que
1246 4315 1324 4379 noni
1352 4309 1445 4396 sigilli
1559 4295 1560 4316 ¹

326 4415 426 4480 nostri
443 4415 625 4482 testimonio
642 4421 799 4481 renouate
815 4416 1021 4500 mutuarint,
1052 4419 1183 4501 publiea
1209 4423 1447 4502 protestaeiono

323 4521 493 4608 premissa,
508 4520 629 4606 irritas,
647 4519 829 4591 eassandm
854 4529 886 4589 et
910 4521 1101 4592 refutandas
1126 4524 1342 4594 deereuimns.
1370 4528 1447 4594 Hine
