3132 5192
367 1126 456 1214 Apor
472 1140 584 1195 mester
595 1128 748 1216 pomnyi
756 1127 967 1214 stiapdnuak
983 1123 1081 1211 Apko
1101 1133 1180 1192 mun
1196 1081 1322 1208 hdyutp
1340 1125 1488 1188 tammo
1560 1057 1562 1180 i

662 1235 849 1320 azubdlyozo
864 1232 1065 1298 intuendae
1083 1233 1181 1296 1291.
1560 1233 1562 1366 ξ

469 1410 537 1474 Nos
553 1409 707 1493 Magister
723 1411 842 1496 Opowr
857 1411 972 1475 Comes
999 1407 1204 1476 Posouiensis
1235 1407 1390 1475 memorie
1407 1427 1485 1473 eom·
1560 1423 1562 1492 2

362 1515 553 1582 mendantes
577 1518 799 1600 significamus
822 1517 938 1601 quibus
970 1516 1100 1602 expedit
1130 1515 1304 1599 uniuersis,
1323 1513 1415 1597 quod
1429 1531 1483 1578 nos
1560 1497 1562 1578 i

362 1621 442 1690 risis
458 1622 574 1689 litteris
601 1623 720 1690 domini
744 1624 845 1691 nostri
861 1625 960 1706 Regis
983 1643 1080 1709 super
1096 1623 1183 1688 faoto
1208 1620 1378 1688 ouiusdam
1406 1627 1484 1686 terre

362 1725 467 1796 casui
500 1729 709 1798 Posoniensis
723 1729 821 1814 Apka
836 1737 965 1815 vocate,
996 1749 1054 1814 per
1069 1729 1210 1811 Niooliu‚
1242 1730 1348 1812 Isaac,
1369 1727 1483 1792 Ludiu-

361 1837 460 1922 laum,
486 1837 671 1920 Andrum,
698 1839 800 1904 lieres
827 1845 859 1903 et
873 1838 1028 1904 Jaoobum
1053 1836 1245 1920 iobagioues
1264 1836 1375 1902 castri
1392 1835 1482 1901 Poso-

361 1942 484 2008 niensis
500 1943 594 2010 nobis
618 1943 790 2026 exhibitis,
815 1945 921 2028 ipsam
947 1953 1068 2009 terram
1093 1943 1243 2028 Apkam‚
1269 1961 1333 2025 que
1360 1963 1382 2007 a
1400 1951 1486 2026 parte

359 2049 620 2130 septemtrionali
638 2058 720 2116 terre
745 2050 878 2117 Iwanoh
905 2051 1123 2134 eontiguutur,
1141 2070 1162 2114 a
1178 2057 1271 2135 parte
1287 2070 1367 2116 vero
1389 2049 1484 2114 orien-

359 2152 420 2216 tali
434 2153 514 2220 ville
530 2155 670 2222 abbatis
687 2157 791 2224 Olooh
818 2165 932 2223 vooate
956 2157 1147 2242 vicinaturp
1164 2160 1241 2223 item
1266 2179 1287 2222 a
1302 2163 1402 2242 parte
1425 2174 1482 2219 me·

359 2257 513 2324 ridionali
542 2267 625 2327 terre
651 2263 786 2330 Comitis
800 2263 890 2330 Petri
905 2263 965 2349 filij
991 2263 1168 2350 Tyburohij
1188 2259 1482 2328 Adasioauusielde

360 2367 634 2448 montenonis
652 2370 758 2436 Reohe
774 2377 806 2436 et
822 2369 973 2436 Pekeheu
1000 2371 1124 2437 voeatis
1148 2369 1299 2436 similiter
1314 2369 1479 2450 vicinatur,

359 2473 595 2542 reambulatam
610 2477 816 2560 presentibus
832 2479 1051 2544 eonmetaueie
1068 2486 1101 2545 et
1119 2477 1233 2544 vioiuis
1249 2478 1426 2543 statuimus
1440 2476 1478 2557 ip

357 2577 403 2644 sis
418 2577 567 2668 Nioolyu,
584 2581 688 2665 Isaae,
704 2583 880 2670 Ladizlao,
897 2585 1031 2652 Andrea
1039 2636 1049 2670 ,
1066 2585 1170 2651 Ileres
1188 2591 1221 2650 et
1235 2585 1363 2652 Jacobo
1380 2579 1477 2668 predi·

358 2683 417 2748 utis
435 2687 494 2751 sub
511 2687 654 2771 antiquis
670 2691 765 2756 metis
776 2697 809 2754 et
820 2690 964 2758 terminis
975 2693 1065 2759 nullo
1076 2692 1315 2760 contradictore
1324 2693 1477 2757 existente

356 2791 585 2876 possidendam
611 2803 643 2862 et
667 2797 859 2866 habendam
885 2799 1004 2865 Datum
1030 2802 1064 2865 in
1089 2799 1293 2868 Werekenee
1319 2797 1474 2866 dominica

355 2897 504 2980 proxima
534 2909 609 2968 aute
634 2903 752 2970 festum
770 2906 863 2972 Beati
880 2907 969 2988 Galli
1000 2906 1210 2990 confessoris,
1245 2928 1334 2974 anno
1351 2906 1474 2973 Domini

354 3005 466 3072 ΜὋΟο
481 3011 693 3093 nonagesimo
709 3011 820 3096 primo.

352 3177 416 3247 (111.
426 3183 518 3236 Eudre
543 3184 690 3252 Hrllynsk
717 3191 793 3241 tuat.
817 3192 979 3257 magerestte
1001 3191 1194 3260 okmtnytbti,
1223 3199 1292 3249 mint
1311 3194 1472 3252 fennenae.
1554 3153 1557 3252 i

847 3295 883 3330 ss.
904 3279 993 3346 elatt.)
1555 3279 1556 3290 ἶ

813 3565 1021 3578 --.--,-..

879 4017 934 4085 51.

451 4182 502 4248 Az
518 4185 588 4252 Aua
603 4195 773 4276 namnetaep
789 4200 897 4282 topjau'
912 4199 998 4263 kitztu'
1016 4201 1247 4290 tirtokouztetp
1264 4207 1364 4273 1291.

450 4358 517 4424 Nos
534 4361 821 4433 comesOmodous
832 4370 918 4436 filius
935 4373 1068 4443 Comitis
1080 4379 1198 4465 Dauid,
1205 4384 1370 4468 'Magister
1384 4385 1459 4464 Dyo·

343 4461 445 4527 nisius
460 4461 546 4530 filius
563 4467 687 4543 Rodum,
705 4467 820 4539 Comes
830 4475 947 4543 Bodun
963 4479 1047 4549 filius
1065 4483 1210 4572 Georgij,
1228 4493 1396 4574 ceterique
1410 4505 1456 4552 uo-

342 4565 423 4633 biles
440 4567 480 4634 de
496 4589 614 4652 genere
629 4575 711 4660 Aba,
736 4581 889 4650 memorie
914 4589 1175 4660 eommendantes
1202 4601 1314 4666 tenore
1339 4611 1457 4684 presen-
