3234 5194
820 425 832 430 -
890 339 909 398 8

330 530 475 596 iniuncto
492 529 539 597 eis
557 537 589 596 ei
604 530 746 616 ipsorum
762 528 907 614 cuilibet,
939 526 1024 613 quud
1056 535 1188 613 propter
1220 527 1281 594 lroe
1312 525 1391 610 ipsis
1422 521 1463 584 de

334 637 404 704 inre
421 639 516 702 fuerit
529 635 772 720 iniungendum,
786 634 982 702 fraternitati
993 644 1047 702 tue
1062 633 1254 700 auctoritate
1266 633 1463 718 presentium

334 745 540 812 concedimus
557 743 763 827 facultatem3
780 744 911 828 proviso
928 751 963 812 ut
976 743 1076 809 iidem
1093 740 1322 807 concubinarii·
1332 761 1463 826 prorsus

330 872 352 919 s
368 873 404 920 se
419 851 576 918 abiiciunt
592 851 800 938 concubinas,
817 859 849 917 ct
865 851 905 918 de
922 852 986 918 hiis
1003 851 1056 917 vel
1072 849 1146 916 aliis
1156 849 1291 916 minime
1299 868 1464 916 resumen-

330 961 382 1026 dis
401 965 545 1046 prestent
558 959 720 1044 ydoneam
753 957 942 1026 cautionem.
980 957 1139 1025 Nolumus
1168 965 1288 1042 tamen,
1320 953 1469 1020 uitales

333 1065 528 1136 concubinas
544 1067 635 1154 ipsae
651 1065 802 1132 abiurare
818 1066 1001 1152 compellas.
1020 1067 1138 1130 Datum
1153 1064 1242 1150 apud
1259 1062 1466 1128 Urbemvete·

334 1193 401 1242 rem
418 1175 456 1240 ll.
472 1193 582 1241 nonas
597 1172 796 1259 Septembris
807 1173 1017 1242 Pontificatus
1032 1191 1119 1240 anno
1135 1172 1236 1238 nostri
1252 1170 1357 1236 tertio.

336 1353 571 1416 (Hemenveters
583 1355 761 1404 Monumenta
770 1353 911 1404 slavorum
930 1353 1152 1404 Moridiouslium
1168 1351 1309 1402 historiam
1322 1350 1466 1400 illustran-

658 1444 707 1503 tia‚
721 1444 742 1493 1.
758 1443 813 1494 ket.
830 1443 923 1502 Romo,
945 1443 1022 1495 1863.
1039 1441 1098 1495 108.
1111 1435 1142 1507 l.)

884 2231 916 2298 7.

342 2427 371 2494 Α
398 2431 523 2515 opiloni
547 2430 772 2514 kripiulunnolc
796 2431 1071 2516 dizonysripleoele,
1098 2436 1179 2517 hopy
1206 2433 1334 2498 Reunia
1360 2441 1470 2494 rimer

341 2537 581 2624 borsicsper·est
598 2540 789 2604 doroscoro
812 2539 960 2624 bizonyoo
985 2536 1110 2602 Garum
1136 2539 1263 2604 urelleiti
1288 2539 1470 2606 birrokokor

557 2643 682 2711 Arrunti
698 2647 818 2712 Bodow
829 2647 989 2711 comcenelc
1004 2645 1143 2710 elodta‘lc.
1157 2649 1255 2711 1290.

609 2805 637 2870 Α
799 2807 825 2870 Β
988 2805 1013 2871 0
1178 2805 1209 2870 D

448 2981 630 3072 Capitulum
646 2981 793 3050 Eeclesie
808 2983 981 3051 Nitriensis
997 2984 1156 3052 uniuersis
1172 2985 1292 3053 Christi
1319 2984 1469 3052 fidelibus

340 3097 505 3180 presentes
521 3089 645 3160 litteras
659 3089 853 3177 inspecturis
863 3093 998 3160 salutem
1014 3093 1048 3159 in
1065 3113 1114 3180 eo,
1132 3092 1185 3178 qui
1202 3101 1253 3160 est
1263 3094 1404 3160 omnium
1421 3113 1469 3160 sa-

341 3200 400 3268 lus.
413 3199 463 3264 Ad
475 3198 696 3267 uniuersitatis
706 3205 810 3266 vestre
821 3201 974 3268 noticiam
984 3207 1095 3269 tenore
1108 3200 1311 3285 presencium
1323 3202 1471 3268 uolumus

341 3304 519 3392 peruenire,
550 3305 635 3391 quod
666 3305 848 3374 constitutis
881 3327 989 3372 ceram
1025 3307 1117 3375 nobis
1144 3309 1300 3392 Magistro
1324 3307 1471 3374 Romano

341 3413 587 3501 Archidyaeono
603 3415 768 3482 Borsiensi
788 3421 819 3480 et
830 3414 985 3482 fratribus
1001 3417 1068 3483 suis
1084 3417 1219 3484 Nicolao
1237 3425 1268 3483 et
1283 3415 1416 3484 Andrea
1430 3417 1471 3484 ab

342 3543 423 3607 vna;
439 3523 514 3588 item
531 3520 644 3589 Comes
661 3521 780 3589 Bodow
797 3523 882 3589 filins
908 3522 1086 3589 Alexandri
1113 3523 1155 3590 de
1181 3527 1287 3591 Arsen
1313 3531 1406 3608 parte
1430 3527 1472 3591 ab

343 3631 464 3713 altera;
483 3627 617 3712 predicti
636 3629 789 3712 Magister
806 3631 967 3698 Romanus
999 3637 1031 3696 et
1062 3631 1180 3698 iratres
1212 3632 1262 3698 sni
1294 3632 1473 3696 retulerunt

345 3736 475 3802 oraculo
492 3735 566 3802 vine
583 3735 691 3802 uocis:
718 3733 804 3818 quod
829 3741 947 3802 terram
973 3737 1115 3821 ipsorum
1141 3739 1238 3805 sitam
1264 3738 1358 3804 iuxta
1384 3737 1472 3804 Gron

343 3843 425 3908 iuter
441 3849 543 3908 terras
559 3841 711 3908 villarum
728 3841 1074 3932 Archiepiscopalium,
1086 3845 1236 3913 videlieet
1252 3865 1292 3910 ex
1305 3867 1369 3912 vna
1379 3855 1471 3932 parte

343 3953 426 4019 inter
441 3951 551 4020 villam
568 3949 713 4035 Bogdau,
731 3958 764 4018 et
780 3970 820 4018 cx
837 3955 940 4020 altera
955 3952 1039 4020 iuter
1054 3953 1165 4022 uillam
1181 3953 1301 4022 Zodow
1311 3962 1474 4034 vocatam,

343 4062 434 4128 titulo
451 4059 629 4146 empcionis
644 4059 724 4144 ipsis
741 4057 935 4144 deuolutam,
952 4059 1068 4128 Oomiti
1084 4061 1196 4129 Bodon
1213 4062 1280 4129 filio
1297 4062 1471 4130 Alexandri

343 4168 504 4236 antedicto
520 4189 578 4255 pro
610 4165 726 4252 uiginti
757 4167 874 4233 marcis
908 4167 1133 4236 Viennensium
1166 4170 1382 4257 denariorum,
1414 4191 1471 4258 pre

343 4275 488 4362 quolibet
503 4295 612 4342 marea
627 4275 739 4342 decem
756 4293 875 4362 pensas
892 4277 1119 4364 computande,
1139 4277 1342 4346 vendidisset
1358 4279 1393 4344 in
1420 4278 1470 4344 he·

344 4383 455 4454 redum
481 4407 684 4456 successores
711 4391 866 4474 perpetuo
891 4387 1134 4474 prossidendarn,
1160 4387 1335 4454 tenendam
1359 4393 1392 4454 et
1417 4387 1472 4452 ha-

344 4494 505 4582 bendam;
521 4515 560 4564 ae
577 4497 790 4564 vendiderunt
807 4517 913 4563 eoram
932 4496 1023 4562 nobis
1048 4516 1106 4581 pro
1133 4495 1228 4561 dietis
1254 4495 1369 4581 viginti
1394 4517 1474 4564 mar-

341 4605 394 4672 cis
410 4601 507 4690 plene
522 4605 682 4690 receptis3
700 4605 871 4672 reddentes
887 4602 1127 4672 nichilhominis
1144 4609 1334 4689 repenotato
1361 4605 1476 4673 Cerniti
