3132 5192
65 1127 92 1193 A
105 1133 203 1218 qqdri
219 1127 445 1216 laiptulaanuk
471 1130 749 1217 biaoapadpleoele,
775 1132 858 1216 bogp
872 1129 992 1196 Baaod
1006 1131 1192 1215 πεινητικός·

67 1234 270 1302 tardenois
286 1259 386 1302 eomes
411 1237 554 1324 Pampab
581 1245 662 1300 neoti
678 1237 819 1303 birtokdt
833 1237 997 1314 Iboaalea,
1018 1231 1190 1318 Gotalfid·
1269 1247 1274 1252 '

475 1347 540 1410 nale
555 1347 671 1411 dodra
690 1345 788 1412 1292.
1213 1351 1216 1358 ’

162 1537 352 1624 Capitulum
367 1539 548 1607 ‚lauriensis
559 1540 704 1607 Eeolesie
724 1538 885 1608 ruiuersis
903 1535 1022 1604 christi
1037 1535 1188 1604 fidelibus

64 1651 226 1729 presentes
243 1645 373 1712 litteras
389 1646 583 1731 inspecturis
600 1648 739 1712 salutem
759 1645 941 1712 inDomino
957 1644 1186 1729 sempiternam

62 1750 109 1816 Ad
132 1750 359 1819 uniuersorum
391 1753 544 1819 noticiam
576 1753 690 1820 harum
722 1751 807 1820 serie
832 1752 980 1820 uolumus
996 1751 1185 1837 peruenire;

63 1857 140 1938 quod
157 1858 262 1924 nobili
289 1860 357 1926 uiro
384 1861 540 1946 Magistro
556 1861 702 1927 Arnoldo
727 1858 796 1926 filio
824 1859 958 1929 comitis
989 1855 1125 1954 Amoldi
1145 1855 1185 1922 de

62 1982 174 2045 genere
188 1966 306 2032 Buzad
321 1967 363 2032 ab
387 1987 452 2034 una
469 1976 578 2054 parte;
595 1968 744 2034 lboanka
769 1969 836 2034 filio
852 1967 951 2035 Gatal
967 1966 1008 2032 de
1025 1963 1188 2032 Comitatu
1266 2011 1268 2021 ‚

1 2151 3 2159 k
62 2069 283 2156 Supruniensi,
302 2093 360 2157 pro
376 2095 411 2141 se
437 2081 469 2140 et
487 2095 545 2160 pro
561 2075 719 2142 ladislao
743 2073 843 2142 fratre
868 2095 928 2141 suo
944 2071 1070 2140 uterino
1087 2089 1127 2136 ex
1144 2067 1188 2134 al·

62 2181 126 2244 tera
140 2199 250 2244 noram
267 2179 362 2248 nobis
382 2181 598 2266 personaliter
622 2181 825 2266 constitutis3
851 2179 938 2246 idem
959 2178 1112 2262 Magister
1129 2175 1187 2242 Ar·

1 2329 2 2354 2
63 2283 171 2350 noldus
190 2286 303 2352 retulit
319 2289 396 2353 uiua
412 2308 500 2371 uoee,
530 2289 615 2372 quod
632 2309 705 2354 oum
739 2308 795 2374 per
811 2288 929 2355 multas
955 2283 1187 2373 perplexitates

64 2411 163 2457 rerum
179 2393 441 2478 mundanarum,
460 2403 492 2460 et
517 2395 657 2462 maxime
681 2402 813 2481 propter
844 2394 1000 2463 seuieiam
1032 2391 1186 2477 temporis

1 2547 2 2599 ,
65 2497 211 2587 inpacati,
222 2520 290 2584 qua
305 2502 518 2587 malignorum
531 2504 679 2570 uersutia
695 2521 884 2590 oppressum
901 2499 1126 2586 multiplieiter
1137 2518 1183 2583 se,

66 2609 93 2667 et
107 2607 269 2690 quoddam
287 2606 437 2674 Castrum
454 2630 546 2677 suum
562 2611 698 2695 Pylisko
723 2617 874 2677 uoeatum
894 2608 1023 2688 dioebat
1038 2605 1184 2674 extitisse

1 2771 3 2783 ,
65 2709 201 2780 indebite
218 2721 432 2803 occupatum,
459 2717 627 2800 quandam
654 2719 894 2803 possessionem
919 2736 1010 2784 suam
1027 2711 1185 2780 beredita-

65 2819 137 2884 dam
160 2821 294 2906 Purpab
324 2829 483 2908 uocatam,
502 2826 536 2890 in
553 2825 693 2892 eonfinio
708 2825 813 2908 Regni
830 2823 959 2891 Austris
974 2821 1007 2887 in
1024 2821 1184 2890 comitatu

1 2990 3 3018 ,
66 2924 261 3009 Supriniensi
278 2931 479 3016 existentem,
497 2953 594 3016 quam
611 2935 848 3019 possessionem
872 2933 944 3017 ipse
960 2929 1114 3014 Magister
1128 2927 1185 2994 Ar-

67 3031 172 3101 noldus
203 3037 338 3105 Alberto
362 3038 448 3106 dioto
474 3040 551 3106 Stus
582 3039 623 3106 de
653 3040 829 3108 Trotbmau
849 3038 1051 3106 ministeriali
1077 3036 1183 3118 Regni

1 3174 2 3221 3
66 3137 186 3208 dostrie
218 3144 348 3228 pignori
365 3146 545 3229 obligarat,
572 3155 603 3213 et
619 3147 755 3214 eandem
782 3146 859 3213 dieti
878 3145 1027 3212 Ihoaulra
1058 3149 1091 3208 et
1121 3143 1183 3208 La·

1 3281 11 3302 r·
67 3243 184 3315 diulaus
200 3271 259 3335 pro
285 3254 456 3335 sexaginta
486 3256 588 3322 tribus
614 3257 733 3322 mareis
759 3254 850 3340 finis
871 3251 1088 3338 argentinum
1104 3269 1181 3335 pon·

1 3361 2 3444 g
69 3349 137 3418 dere
148 3356 395 3427 Theothonioali
420 3360 625 3429 redemerant
650 3365 692 3429 ab
715 3362 845 3446 eodem,
870 3361 954 3426 inter
970 3357 1052 3426 alias
1075 3375 1183 3422 neees-

1 3462 2 3468 ’
68 3457 169 3531 sitates
185 3485 264 3534 suas
290 3469 454 3552 prediatus
481 3490 540 3554 pro
556 3469 785 3555 redempeione
802 3467 907 3535 Oastri
937 3465 987 3534 sui
1000 3463 1181 3552 'supradieti

70 3572 246 3654 compulsus
275 3573 390 3644 fuisset
413 3575 600 3645 uendieioni
631 3595 815 3662 exponere,
841 3594 912 3640 eum
939 3573 969 3639 ei
1001 3572 1085 3639 alias
1101 3570 1180 3638 dieti

1 3740 2 3768 ,
71 3673 168 3743 Gastri
183 3681 365 3748 redimendi
377 3683 517 3752 facultas
533 3706 599 3752 non
615 3687 824 3771 suppeteret;
839 3680 1003 3764 requisitis
1019 3679 1181 3749 uniuersis

1 3783 2 3800 ¹
71 3789 213 3874 regnatis,
230 3792 386 3875 proximis
402 3799 434 3859 et
450 3795 575 3878 vieinis,
594 3796 648 3879 qui
665 3794 771 3882 ipsam
789 3794 1041 3878 possessionem,
1068 3798 1103 3856 ut
1129 3789 1176 3855 di·

1 3909 2 3954 r
71 3893 200 3982 sebatur,
210 3915 317 3967 emere
329 3907 360 3967 et
369 3919 560 3988 comparare
576 3902 757 3984 noluerunt,
774 3901 814 3969 de
830 3898 1053 3987 permissione,
1064 3897 1177 3965 volun-

1 4001 2 4010 ’
71 4003 131 4067 tate
143 4009 174 4070 et
189 4006 393 4092 beneplaoito
409 4009 594 4095 eorundem,
606 4010 690 4077 sieut
700 4007 884 4095 sepedietus
894 4005 1052 4091 Magister
1061 4003 1175 4070 Arnol·

1 4111 2 4196 l
74 4103 125 4174 dus
138 4114 255 4200 retulit,
267 4114 356 4182 dedit
364 4117 510 4184 vendidit
520 4125 551 4184 et
560 4116 697 4184 tradidit
707 4117 905 4203 supradietis
915 4113 1063 4182 Iboauka
1074 4120 1106 4178 et
1116 4111 1176 4176 La·

1 4281 2 4313 ,
74 4212 168 4285 diulao
177 4221 331 4289 affinibus
341 4231 373 4290 et
382 4227 530 4308 eoguatis
542 4227 665 4313 suique
674 4226 915 4311 ipsapossessio
925 4224 960 4288 in
969 4239 1082 4287 manus
1093 4227 1179 4286 exte·

1 4413 2 4422 ,
74 4342 120 4390 ras
134 4328 306 4414 elongetur,
320 4337 352 4398 et
368 4353 426 4418 per
437 4353 492 4398 eos
504 4333 674 4400 heredibus
688 4332 866 4400 eorundum
879 4329 1096 4410 heredumque
1108 4345 1179 4392 suo·

1 4489 2 4538 ,
74 4449 134 4498 rum
158 4434 370 4522 inposterum
389 4441 650 4526 suceessoribus,
669 4461 727 4525 pro
743 4433 992 4522 quadringentis
1009 4433 1126 4499 mareis
1143 4435 1180 4500 ti·

1 4551 2 4578 l
76 4536 130 4608 niti
145 4545 323 4630 argentiad
333 4547 464 4632 pondus
480 4545 817 4615 Theotboniealeoum
829 4543 978 4612 omnibus
988 4533 1183 4614 utilitatibus
