3234 5194
834 411 992 512 ,-·⁹'.8...„

344 617 404 684 bus
420 610 560 700 publicis
575 606 761 676 insudasse.
777 603 873 670 Proin
890 599 934 667 ud
950 598 1177 666 uniuersorum
1195 581 1365 653 noticiam
1383 581 1501 640 tenore

345 720 554 808 presencium
572 713 780 782 barumserie
796 711 946 776 uolumus
956 701 1140 792 peruenire,
1157 693 1244 778 quod
1260 689 1441 754 discretus
1457 679 1505 744 vir

346 828 504 914 Magister
519 823 715 892 Theodorus
730 818 884 887 Albensis
899 811 1047 881 Ecclesie
1063 803 1263 892 Propositus,
1274 795 1361 863 aule
1374 785 1504 854 domini

348 936 449 1004 nostri
464 934 563 1018 Regis
585 929 743 999 consortis
771 925 871 992 nostri
897 917 1065 990 karissimi
1093 897 1445 980 Vico-Cancellarius,
1463 889 1506 958 ad
1564 909 1567 914 ·

349 1052 494 1113 nostram
521 1039 677 1131 accedens
702 1033 902 1122 presenciam
927 1027 1068 1096 anobis
1102 1019 1268 1088 humiliter
1295 999 1508 1093 suplicando

351 1151 543 1240 postulauit,
568 1155 603 1216 ut
627 1141 790 1231 quandam
817 1147 936 1207 terram
960 1139 1107 1202 nostram
1131 1120 1337 1208 Reginalem
1370 1105 1510 1179 Iwancb

352 1267 502 1328 uocatam
517 1259 551 1324 in
568 1255 733 1322 Comitatu
748 1244 884 1315 Albensi
900 1241 1106 1318 existentem,
1123 1235 1165 1300 de
1182 1220 1431 1298 munificencia
1450 1217 1508 1282 Re·

354 1368 456 1452 ginali
491 1362 596 1431 eidem
632 1366 665 1425 et
679 1356 835 1425 fratribus
852 1352 920 1419 suis
936 1348 1017 1414 dare
1033 1351 1065 1411 et
1090 1339 1240 1408 conferre
1266 1333 1504 1414 dignaremur.

355 1474 474 1540 Verum
491 1468 568 1554 quia
583 1466 677 1534 nobis
695 1463 736 1530 de
752 1460 915 1546 qualitate
931 1463 964 1522 et
981 1450 1166 1538 quantitate
1182 1444 1272 1512 dicte
1298 1447 1399 1504 terre
1426 1427 1506 1498 ueri·

357 1589 410 1646 tas
426 1599 490 1646 non
507 1575 686 1659 constabat,
703 1571 854 1638 fidelibus
869 1563 991 1633 nostris
1016 1557 1171 1646 (lopitulo
1196 1547 1354 1620 Budensi
1383 1537 1508 1608 nostris

358 1687 477 1754 litteris
487 1683 633 1750 dedimus
652 1683 686 1746 in
711 1674 884 1759 mandatis,
901 1679 936 1739 nt
961 1689 1059 1736 unum
1076 1685 1117 1732 ex
1131 1662 1215 1750 ipsis
1230 1676 1290 1746 pro
1308 1643 1509 1720 testimonio

360 1795 523 1861 mitterent
554 1786 753 1870 tidedignum
765 1833 774 1866 ,
799 1800 909 1849 coram
940 1797 1005 1863 quo
1030 1773 1190 1856 Magister
1220 1761 1376 1850 Vgrinus
1411 1754 1508 1818 homo

362 1907 470 1968 noster
501 1889 738 1964 reambulando
769 1890 889 1956 dictam
931 1891 1053 1953 terram
1079 1875 1289 1967 presentibus
1333 1864 1511 1933 oommeta-

363 2007 434 2076 neis
449 2013 482 2070 et
504 2000 621 2070 uicinis
652 2003 811 2067 statueret
840 1996 906 2080 ipsi
937 1991 1096 2075 Magistro
1123 1980 1300 2053 Theodoro
1327 1963 1507 2055 Proposito

365 2111 498 2180 Albensi
524 2117 557 2176 et
586 2105 739 2172 fratribus
764 2101 928 2186 eiusdem,
959 2097 988 2164 si
1020 2097 1086 2162 non
1116 2092 1211 2158 lieret
1242 2079 1504 2152 contradictum,

367 2213 656 2284 contradictoribus
671 2217 779 2276 autem
796 2209 838 2274 ad
863 2213 1007 2273 nostram
1032 2197 1238 2287 presenciam
1256 2181 1416 2257 euocatis
1441 2197 1510 2246 con·
1587 2245 1588 2256 ,

368 2332 419 2390 tra
433 2325 538 2408 ipsum
553 2316 743 2401 Magistrum
759 2313 964 2381 Theodorum
982 2319 1015 2374 et
1039 2307 1161 2372 fratres
1186 2295 1336 2368 eiusdem
1372 2287 1421 2356 ud
1451 2294 1510 2351 ter-
1587 2303 1588 2306 ¹

369 2431 491 2498 minum
506 2429 746 2508 competentem.
762 2421 857 2498 Quod
883 2415 1013 2504 quidem
1030 2409 1218 2499 Capitulum
1245 2406 1386 2472 demum
1414 2387 1507 2462 nobis
1586 2383 1588 2444 3

371 2537 605 2618 rescripserunt
619 2529 652 2594 in
669 2529 728 2594 hec
743 2529 861 2594 verba:
1587 2573 1588 2582 ,

478 2636 756 2704 Excellentissime
771 2633 900 2700 domine
917 2650 976 2696 sue
1000 2629 1038 2694 F.
1054 2627 1118 2694 Dei
1143 2623 1258 2706 gracia
1273 2607 1506 2684 Illustrissime
1587 2643 1588 2652 ἢ

373 2747 498 2829 Regino
512 2741 656 2826 Vngarie
671 2740 856 2824 Capitulum
870 2737 1031 2804 Budensis
1042 2731 1189 2800 Ecclesie
1199 2727 1378 2796 oraciones
1396 2721 1432 2784 in
1449 2715 1507 2779 Do·
1586 2763 1588 2788 ,

305 2875 313 2890 ·
376 2853 461 2918 mino
476 2845 604 2917 debitas'
616 2854 649 2915 et
664 2847 808 2914 denotas.
822 2844 1019 2929 Recepimus
1035 2841 1163 2906 litteras
1179 2842 1291 2902 uestre
1310 2815 1510 2896 Serenitatis
1587 2893 1588 2896 Ἴ

378 2958 461 3026 bunc
475 2957 509 3020 in
525 2952 654 3021 modum
670 2953 873 3020 continentes
899 2975 907 3014 ε

483 3060 717 3143 antigrada
740 3057 865 3141 Regina
890 3053 1037 3138 Vngarie
1066 3050 1221 3118 fidelibus
1255 3045 1326 3113 suis
1361 3029 1511 3122 Capitale

380 3167 522 3236 Eudensi
538 3166 674 3234 salutem
690 3171 722 3231 et
737 3162 892 3246 graciam.
910 3161 991 3226 Cum
1006 3179 1067 3226 nos
1092 3166 1216 3224 terram
1242 3159 1397 3220 nostram
1423 3133 1511 3221 aegi-

381 3275 489 3340 nalem
505 3271 636 3340 Iwanoh
651 3276 799 3337 uocatam
817 3288 886 3334 cum
904 3267 1053 3334 omnibus
1071 3265 1140 3333 suis
1166 3259 1384 3338 utilitatibus,
1413 3245 1513 3337 pratis

382 3380 511 3458 seilicet,
528 3378 631 3462 siluis,
648 3375 772 3459 tenetis,
789 3374 914 3460 insulis,
931 3379 965 3440 et
980 3373 1132 3452 omnibus
1151 3370 1232 3455 alijs
1243 3351 1511 3444 attinenoijssois
1587 3379 1588 3382 ¹

385 3485 425 3551 de
455 3481 656 3567 plenitudine
682 3489 791 3548 nostre
815 3483 925 3564 gracie
960 3481 1120 3564 Magistro
1150 3473 1328 3542 Theodoro
1362 3457 1515 3534 Arnensis
1587 3533 1588 3536 Ἴ

385 3588 530 3655 Ecclesie
552 3587 730 3671 Proposito,
754 3587 828 3652 aule
852 3586 993 3652 illustris
1018 3583 1129 3668 Regis,
1155 3578 1330 3647 karissimi
1356 3563 1512 3641 consortie
1587 3555 1588 3558 '

385 3693 761 3760 nostriVioeeanoellario
772 3701 803 3758 et
814 3691 968 3758 iratribus
985 3693 1053 3759 suis
1064 3691 1257 3758 duxerimus
1270 3677 1513 3754 conferendam

388 3797 537 3864 fidelitati
553 3804 657 3864 vestre
674 3798 879 3882 precipiendo
897 3797 1100 3884 mandamus,
1116 3805 1282 3882 quatenus
1299 3791 1443 3860 mittatis
1468 3783 1514 3846 bo·

390 3905 505 3969 minem
538 3908 679 3968 vostrum
713 3901 892 3989 ydoneum,
928 3906 988 3970 sub
1021 3905 1113 3970 cuius
1144 3903 1334 3970 testimonio
1367 3893 1517 3978 Magister

391 4011 529 4091 Vgrinos
543 4007 638 4073 homo
664 4015 772 4074 noster
797 4010 976 4076 reambulet
1001 4011 1183 4095 predictam
1210 4017 1346 4094 terram,
1363 3993 1513 4088 erigendo

392 4116 482 4181 iuxta
496 4121 621 4182 ueteres
637 4123 738 4182 metas
753 4137 857 4184 nouus
874 4119 1060 4198 constituat,
1079 4125 1111 4182 et
1126 4123 1203 4200 post
1218 4117 1282 4184 beo
1298 4134 1432 4182 oursnm
1455 4121 1513 4173 me·

394 4229 506 4306 tarum,
522 4221 653 4286 nomina
667 4221 829 4309 siluarum,
854 4223 1046 4303 insularum,
1073 4234 1254 4308 pratorum,
1283 4222 1468 4288 fenetorum
1490 4210 1517 4272 ei

396 4328 536 4392 omnium
552 4327 687 4394 aliarum
702 4329 873 4396 utilitatem
898 4331 1045 4416 predicte
1070 4335 1156 4396 terre
1182 4329 1281 4397 nobis
1307 4329 1451 4395 fideliter
1474 4333 1512 4381 re·

397 4430 556 4497 scribatis.
572 4435 691 4499 Datum
707 4435 859 4519 Strigonij
876 4437 911 4501 in
926 4437 1067 4502 crastino
1084 4435 1237 4502 Omnium
1254 4435 1460 4502 Sanctorum.

504 4536 571 4602 Nos
586 4537 695 4620 igitiur
711 4541 872 4608 mandatis
890 4549 997 4608 uestro
1022 4542 1217 4609 serenitatis
1237 4541 1376 4608 obedire
1403 4535 1517 4624 copies·

401 4645 459 4722 tes,
474 4648 507 4706 ut
531 4649 685 4729 tenemur,
702 4665 773 4711 oum
798 4647 885 4716 dioto
908 4647 1041 4716 bomine
1063 4652 1172 4718 oestro
1198 4649 1399 4734 Magistrum
1425 4641 1519 4713 buta·
