3132 5192
806 317 965 420 „Q

321 511 428 596 misit,
459 521 598 582 castrum
615 515 719 582 eciam
736 515 866 584 Saswar
883 520 1045 600 uocatum,
1063 511 1148 598 qnod
1171 517 1283 580 contra
1302 515 1449 578 nostram

323 640 381 706 per
400 623 591 692 Teutonicos
617 621 824 692 detinebatur
839 621 1051 709 Maiestatem,
1079 621 1148 708 ipse
1172 617 1287 688 Comes
1303 621 1450 686 Abraain

326 729 527 812 expugnauit
547 727 705 814 nobisque
714 725 856 794 reddidit
875 734 1106 814 expugnatum.
1118 727 1196 793 Cum
1213 726 1319 794 ceiam
1335 725 1379 790 ad
1398 744 1450 788 ex-

324 833 536 918 pugnandum
562 843 702 904 castrum
738 834 939 904 Posoniense
965 835 1129 902 Matheum
1151 834 1342 920 Magistrum
1362 829 1450 916 Aga·

322 963 437 1009 sonum
454 951 635 1011 nostrorum
646 944 860 1030 misissemus,
871 943 942 1030 ipse
954 943 1069 1010 Comes
1085 942 1228 1008 Abraam
1240 941 1274 1007 in
1285 961 1452 1026 expugna·

320 1048 1451 1138 cionedietiuestriviriliterdimicanitmortisperieulumnonformi-

323 1155 405 1226 dans
417 1181 425 1222 ε
435 1159 490 1226 ubi
506 1160 592 1228 idem
609 1161 724 1228 Comes
740 1159 884 1228 Abraam
900 1160 1046 1228 letaliter
1061 1160 1172 1226 extitit
1186 1157 1374 1246 wineratus,
1385 1155 1453 1241 qui·

325 1264 402 1330 darn
412 1268 559 1334 seruiens
576 1287 652 1334 suus
670 1267 757 1334 diem
767 1267 887 1335 clausit
904 1275 1093 1353 extremum,
1107 1267 1183 1352 ulijs
1194 1285 1272 1334 uero
1283 1264 1454 1333 seruienti-

324 1369 463 1440 bussuis
481 1373 549 1441 iere
565 1396 698 1444 numero
717 1375 955 1459 qninquaginta
965 1374 1140 1440 crudeliter
1153 1373 1331 1458 sauciatis;
1357 1379 1457 1459 prout

322 1478 383 1546 hec
400 1481 507 1545 omnia
522 1501 581 1564 per
597 1482 778 1566 predictum
802 1483 991 1566 Magistrum
1019 1481 1195 1566 Matheum,
1224 1480 1372 1564 aliosque
1398 1501 1453 1546 no·

323 1585 405 1652 biles
422 1585 511 1653 illius
528 1590 631 1671 partis
648 1589 858 1671 cognorimus
876 1588 1052 1657 euidenter.
1070 1590 1111 1654 Et
1126 1589 1204 1656 lieet
1220 1587 1307 1654 idem
1334 1588 1454 1655 Comes

323 1692 469 1759 Abraam
485 1713 543 1776 pro
567 1693 635 1762 suis
652 1694 802 1762 fidelibus
818 1696 981 1780 seruicijs,
1008 1717 1068 1782 pro
1084 1695 1273 1763 accionibus
1299 1694 1453 1777 strenins,

322 1819 380 1884 pro
397 1819 527 1866 suerum
544 1801 743 1869 documentis
760 1801 967 1888 probitatum,
985 1803 1206 1869 munificencie
1223 1801 1325 1885 Regis
1340 1801 1455 1867 decer-

323 1927 401 1992 pere
417 1908 540 1977 fruetus
555 1917 732 1977 mereretur
747 1911 935 1996 amplioris:
952 1918 1059 1977 tamen
1075 1919 1110 1979 ut
1135 1910 1374 1996 aliquantisper
1400 1929 1455 1975 no-

322 2015 364 2079 tis
382 2017 451 2083 eius
467 2038 657 2104 annuamus,
688 2019 854 2101 quandam
884 2025 1001 2086 terram
1034 2018 1142 2086 Castri
1167 2021 1271 2085 nostri
1303 2019 1454 2101 Golgoeh

321 2119 414 2188 iuxta
429 2123 560 2190 fluuium
577 2125 661 2208 Wag
677 2126 879 2214 existentem,
896 2127 929 2194 in
946 2147 1011 2210 qna
1027 2127 1188 2211 quendem
1205 2134 1347 2193 castrum
1376 2146 1451 2192 con·

323 2233 479 2295 structum
496 2231 613 2319 iuerat,
630 2239 662 2298 et
679 2239 864 2301 castrenses
880 2236 981 2303 nostri
996 2235 1194 2318 residebant,
1225 2235 1376 2318 Golgoch
1401 2255 1456 2300 uo.

323 2341 439 2420 catam,
457 2338 636 2405 simuicum
653 2339 783 2426 tributo,
801 2341 886 2425 quod
902 2341 1024 2408 ibidem
1042 2341 1128 2427 exigi
1155 2341 1337 2429 consueuit,
1365 2341 1455 2426 alijs·

323 2461 384 2525 que
400 2444 467 2510 suis
485 2447 681 2519 vtilitatibus
698 2455 730 2514 et
746 2449 956 2535 pertineneijs
974 2449 1145 2533 uniuersis,
1163 2450 1225 2516 sub
1242 2448 1368 2516 eisdem
1387 2467 1452 2513 me·

324 2547 365 2615 tis
383 2557 413 2617 ct
429 2553 587 2638 terminis,
605 2555 720 2637 quibus
737 2577 795 2640 per
820 2555 945 2642 priores
974 2577 1178 2641 possessores
1205 2557 1319 2623 habita
1346 2555 1455 2622 suerat

326 2663 358 2720 et
374 2678 535 2746 possessa,
553 2660 712 2750 dedimus,
729 2663 925 2730 donauimus
951 2673 985 2730 et
1010 2665 1206 2731 contulimus
1238 2664 1303 2747 ipsi
1337 2660 1455 2729 Gomiti

325 2762 478 2852 Abraam,
494 2774 525 2830 et
540 2787 597 2852 per·
614 2789 685 2835 cum
704 2770 771 2837 suis
788 2771 962 2837 heredibus
979 2772 1201 2855 heredumque
1228 2791 1362 2838 suorum
1386 2791 1456 2838 snc-

327 2873 507 2938 cessoribus
523 2875 591 2940 iure
608 2885 765 2962 perpetuo
790 2885 823 2946 et
849 2879 1111 2948 irreuooubiiiter
1136 2877 1382 2964 possidendam,
1409 2887 1454 2944 te·

324 2977 463 3044 nendum
481 2987 513 3047 et
529 2981 723 3050 habendam.
740 2987 782 3052 Vt
799 2984 898 3068 igitur
920 2985 1013 3052 buius
1030 2995 1140 3054 nostre
1151 2986 1343 3054 donacionis
1355 2987 1455 3052 series

324 3085 420 3152 robur
435 3087 580 3172 optineat
597 3096 749 3172 perpetuo
767 3091 940 3177 firmitatis,
960 3111 1020 3158 nee
1036 3113 1192 3176 processu
1208 3100 1397 3178 temporum
1423 3093 1457 3158 in

325 3191 451 3258 irritum
467 3194 577 3260 ualeat
592 3198 749 3283 reuocari,
768 3205 937 3282 presentes
954 3201 1172 3268 concessimus
1185 3199 1317 3268 litteras
1327 3199 1456 3285 duppli-

326 3297 373 3362 cis
388 3299 488 3381 sigilli
506 3301 799 3370 nostrimnnimine
826 3305 1004 3373 roboratas.
1030 3309 1150 3374 Datum
1177 3326 1236 3391 per
1262 3327 1384 3375 manus
1411 3307 1456 3374 di·
1560 3383 1562 3394 ,

324 3406 401 3469 creti
430 3407 488 3470 viri
507 3407 652 3490 Magistri
669 3409 831 3476 Theodori
848 3411 999 3479 Albensis
1020 3414 1165 3481 Ecclesia
1191 3414 1357 3499 Prepesiti
1383 3417 1458 3483 aule
1561 3453 1562 3484 r

324 3515 435 3575 nostre
451 3511 736 3600 Vicc-Canccliarij
763 3515 874 3585 dilecti
890 3526 923 3584 et
946 3519 1055 3587 fidelis
1080 3521 1182 3587 nostri
1207 3539 1296 3588 anno
1323 3524 1458 3590 Domini
1559 3527 1562 3602 ς

326 3615 1147 3710 M⁰CO⁰nonagesimoIllI⁰quindecimokalendas
1158 3629 1342 3718 Februarij,
1353 3631 1458 3715 Regni
1559 3625 1561 3654 ³

325 3726 432 3786 autem
449 3724 548 3790 nostri
564 3745 649 3793 anno
666 3737 788 3813 quarto.
1560 3735 1561 3738 ’

326 3928 464 3994 (Eredetie
476 3937 649 4006 biirbdrtydn,
664 3943 777 4008 molyrb'l
790 3960 807 3996 a
819 3945 966 4012 peesdtnek
990 3948 1117 4001 titreddke
1140 3949 1395 4016 mirga-verbs-ziild
1418 3969 1456 4006 se·
1558 3893 1560 4018 i

478 4026 675 4092 iyemasindron
689 4033 756 4100 idgg
768 4053 775 4098 ς
788 4049 805 4086 a
817 4035 902 4088 budai
916 4038 967 4088 kir.
981 4038 1106 4090 kamarai
1117 4037 1311 4110 levdltirban.)

787 4315 992 4330 -........-..--..
