3124 5194
851 328 1004 428 Q

360 521 402 588 de
418 523 531 588 thnm
542 541 650 588 coram
661 523 753 589 nobis
763 524 958 590 constitutus
968 524 1248 606 tcrramKnarzeg
1258 529 1467 612 nuncupatam,

357 649 537 716 superque
553 629 723 696 contencio
740 629 824 696 inter
840 630 946 716 ipsum
972 652 1013 698 ex
1040 651 1105 698 una
1120 638 1216 717 parte
1224 685 1234 718 ,
1251 637 1285 697 et
1299 631 1471 715 Magistrum

358 735 523 804 Andream
539 737 639 802 fitium
655 736 786 804 Nicolai
815 737 977 804 exaltata
1001 743 1095 822 parte
1119 739 1202 804 uerti
1228 738 1471 825 dignoscebatur,

357 845 488 930 reliquit
520 843 626 912 eidem
650 845 807 928 Magistro
840 845 970 912 Andree
1002 845 1254 930 possidendam
1286 853 1379 930 prout
1393 847 1473 931 prins

357 973 513 1040 possessa
531 953 649 1020 dieitur
665 973 722 1040 per
738 953 887 1036 eundem,
900 953 1122 1020 renunciando
1133 956 1238 1020 eciam
1254 952 1401 1020 citacioni
1413 973 1473 1038 sue,

358 1081 456 1144 quam
470 1082 569 1147 super
599 1061 686 1128 facto
717 1061 819 1148 ipsius
845 1068 931 1126 terre
955 1061 1108 1145 Knarneg
1133 1067 1245 1128 comma
1271 1059 1406 1128 eundem
1420 1061 1476 1126 tta-

357 1170 493 1253 gistrum
509 1166 674 1234 Andrcam
690 1189 820 1236 monere
846 1169 1072 1255 attenptabat;
1098 1174 1272 1254 propterea
1288 1169 1375 1236 idem
1388 1168 1477 1251 Magi-

357 1283 425 1344 ster
440 1275 592 1342 Andreas
608 1275 643 1340 in
660 1277 857 1344 contrarium
882 1283 1002 1342 terram
1029 1279 1123 1362 Ryba
1148 1283 1316 1360 vocatam,
1344 1297 1405 1360 que
1420 1277 1477 1342 tta·

357 1385 459 1468 gistro
478 1384 642 1451 Demetrio
674 1385 820 1470 predicto
852 1405 910 1470 per
926 1385 1056 1452 modum
1081 1385 1362 1470 inpignoracicnis
1382 1384 1479 1450 aSte·

357 1493 467 1578 phano
482 1493 539 1558 tito
562 1491 691 1558 Nicotai
716 1492 871 1558 deuotuta
896 1511 969 1560 esse
986 1491 1126 1575 dicitur,
1159 1493 1271 1560 eodem
1290 1492 1386 1559 modo
1401 1491 1478 1559 simi·

358 1599 433 1666 liter
450 1601 557 1668 eidem
572 1599 731 1684 tttagistro
758 1601 925 1669 Demetrio
956 1600 1078 1667 dimisit
1094 1600 1336 1686 possidendam.
1371 1602 1479 1667 Datum

357 1708 451 1776 Bude
467 1706 502 1772 in
518 1706 684 1774 dominica
700 1705 794 1774 Oculi
810 1708 882 1774 mei.

463 1815 617 1882 Preterea
633 1815 772 1902 predicti
782 1815 938 1882 Nicotaus
955 1815 997 1882 de
1012 1815 1117 1882 Kuari
1134 1825 1166 1881 et
1182 1815 1318 1882 Alexins
1334 1817 1483 1884 strasse-

358 1923 469 1990 ticiani
486 1924 528 1992 de
545 1924 716 1991 Chatamia
748 1943 856 1990 coram
872 1925 968 1992 nobis
984 1924 1200 2010 personaliter
1226 1925 1412 2011 constituti,
1428 1925 1485 2011 pri·

356 2031 510 2117 uilegium
526 2031 671 2116 ipsorum
687 2030 807 2098 domini
819 2031 897 2098 Bele
911 2031 1010 2116 Regis
1025 2032 1322 2120 propriisipsorum
1339 2033 1483 2098 manibus

357 2139 555 2224 confregere,
568 2139 711 2206 volentes
722 2137 807 2204 idem
819 2137 971 2204 Nicotaus
983 2145 1016 2204 et
1027 2137 1262 2223 Alexins,quod
1273 2137 1412 2226 (eciam)
1424 2139 1484 2205 alia

357 2249 574 2314 instrumenta
590 2247 735 2332 ipsorum
752 2245 906 2312 uniuersa
931 2267 1028 2332 snper
1053 2247 1129 2332 ipsa
1155 2255 1243 2314 terra
1267 2249 1422 2333 Kuarneg
1437 2269 1485 2314 no·

356 2359 430 2420 cata
446 2353 604 2436 00010011,
620 2374 716 2420 cassa
731 2353 798 2421 sint
808 2354 973 2422 etviribus
990 2355 1143 2438 caritura,
1159 2360 1352 2439 perpetuum
1368 2355 1484 2422 eisdem

357 2461 527 2530 sitenoium
552 2457 746 2548 inponendo.
773 2460 825 2525 Ita
841 2459 974 2546 scilicet,
996 2461 1084 2544 quod
1102 2481 1255 2546 processu
1270 2463 1428 2548 temporis
1442 2463 1484 2528 in·

360 2571 545 2638 strumentis
563 2590 619 2638 seu
635 2567 818 2656 priuilegiis
834 2568 914 2635 dicti
925 2568 1073 2652 Magistri
1082 2568 1212 2636 Andree
1222 2571 1348 2636 nultum
1358 2573 1485 2638 ualeant

357 2679 409 2745 uet
427 2679 555 2763 possint
570 2676 784 2765 preludioium
799 2696 976 2763 generare,
1010 2683 1043 2742 et
1074 2679 1180 2762 ipsam
1201 2685 1322 2744 terram
1338 2679 1486 2761 Kuarueg

358 2794 512 2853 uocatam
529 2807 601 2853 oum
618 2787 770 2852 omnibus
785 2785 979 2852 utilitatibus
996 2793 1029 2852 01
1048 2785 1257 2871 pertinencijs
1273 2787 1342 2854 suis
1358 2788 1486 2855 snbom·

358 2893 454 2962 nibus
472 2894 566 2961 metis
577 2899 608 2960 et
618 2893 870 2960 limitacionibus
882 2890 1037 2977 predictis
1048 2892 1247 2976 reliquerunt
1258 2891 1322 2979 ipsi
1331 2895 1486 2979 Magistro

357 3000 488 3069 Andree
504 3008 537 3068 et
560 3000 722 3069 uniuersis
739 3000 807 3068 suis
820 2999 995 3068 heredibus
1019 3001 1089 3066 iure
1104 3007 1262 3088 perpetuo
1285 3009 1317 3066 et
1332 3003 1487 3071 irrcnoca·

357 3111 413 3182 bili
430 3110 680 3197 possidendam,
709 3107 959 3194 assumpmendo
977 3113 1009 3176 et
1040 3106 1247 3176 consiliando
1263 3107 1360 3176 modo
1376 3111 1485 3197 preha-

359 3218 427 3284 bilo
442 3217 612 3284 arbitrium
633 3215 789 3282 nobilium
800 3215 1027 3302 predictorum.
1046 3215 1082 3279 ln
1099 3215 1190 3282 euius
1206 3215 1254 3284 rei
1270 3216 1486 3284 testimonium

357 3334 523 3415 presentes
540 3327 759 3394 concessimus
775 3325 878 3409 sigilli
903 3327 1009 3394 nostri
1035 3326 1211 3394 munimine
1228 3325 1409 3392 roboratas.
1427 3329 1487 3394 Da

356 3445 423 3504 tum
439 3458 498 3522 per
515 3455 632 3502 manus
649 3433 797 3519 Magistri
814 3434 948 3500 Henrici
964 3434 1111 3501 Lectoris
1124 3435 1270 3502 Ecclesia
1280 3440 1393 3502 nosue
1407 3455 1486 3500 anno

359 3545 489 3612 Domini
505 3543 625 3611 111οΟο
642 3542 852 3631 nonagesimo
879 3549 983 3608 sexto.
1001 3541 1187 3608 Venerabili
1207 3543 1336 3610 Pretato
1354 3543 1484 3609 domino

359 3647 483 3738 tt(aab)
502 3650 564 3716 Dei
581 3649 695 3733 gracia
720 3649 885 3734 Episcopo
901 3647 1067 3714 Waciensi
1084 3648 1265 3730 existente;
1281 3647 1416 3715 domino
1430 3651 1487 3715 Dc

357 3758 476 3826 minino
493 3758 678 3842 Proposito,
705 3755 875 3822 Dominico
893 3754 1052 3839 Castore,
1079 3757 1223 3840 Jutyano
1240 3755 1396 3843 Custode,
1415 3756 1485 3842 Oly·

356 3867 447 3934 nerto
472 3863 714 3931 Archidiacono
744 3864 929 3945 Waoiensi,
956 3865 1092 3930 Nicotao
1112 3864 1287 3951 Pestiensi,
1303 3865 1484 3948 Augustino

357 3977 398 4043 de
414 3975 573 4062 Zigetseu,
591 3973 727 4040 Nicolao
745 3973 785 4039 de
803 3971 1018 4058 Ohangarad,
1034 3976 1068 4037 01
1083 3971 1223 4039 Gobtino
1234 3971 1280 4058 ¹de
1297 3972 1482 4039 200011111-

357 4081 561 4152 chidiaconis
580 4081 803 4170 existentibus,
821 4101 862 4150 10
871 4081 947 4150 aliis
962 4081 1071 4149 multis
1086 4081 1120 4147 in
1137 4080 1286 4147 Ecclesia
1302 4081 1480 4148 BeateVir-

356 4195 442 4280 ginis
459 4193 530 4261 Deo
547 4189 601 4280 pie
617 4187 849 4258 famulantibus
867 4189 1031 4258 humiliter
1051 4198 1083 4258 et
1099 4189 1227 4256 deuote.

660 4353 689 4419 A
927 4351 954 4416 Β
1172 4350 1196 4415 O

355 4556 495 4620 (Eredctto
509 4549 683 4618 bltrhdrtydn,
698 4551 824 4619 molynek
839 4553 944 4617 agytror
964 4547 1046 4616 stiga
1067 4547 1296 4614 aelyamasindron
1316 4546 1425 4614 sitggdtt
1435 4561 1473 4614 pc-

511 4642 567 4696 osdt
576 4644 716 4696 etvesaett.
736 4641 850 4694 Koralla
863 4641 921 4694 tels.
936 4637 1121 4706 Saanttrirdtyi
1133 4635 1231 4690 Larte
1245 4637 1301 4702 ur.)
