3132 5192
573 404 724 506 2⁵...

79 594 112 656 ut
126 589 244 656 ecdem
269 595 380 676 partes
411 595 598 681 retulerunt,
615 596 724 664 taliter
740 577 978 684 distinguntur:
995 599 1082 684 quod
1107 599 1213 686 primu

79 703 163 764 meta
183 696 306 782 incipit
329 719 351 766 a
374 699 473 766 fluuio
498 701 661 789 Thomna,
692 705 747 770 ubi
775 725 876 792 prope
901 707 1009 792 ipsum
1034 707 1167 774 fluuium
1193 729 1214 773 a

79 813 169 890 parte
185 804 398 873 meridionali
414 815 491 874 sunt
507 807 569 875 dne
584 817 687 896 mete;
716 813 836 879 atinde
861 813 1069 899 progreditur
1093 814 1214 880 directe

78 933 191 980 uersus
207 913 348 980 eandem
365 921 491 998 partem
509 917 759 1007 meridionalem,
778 928 810 990 ot
825 921 973 1008 peruenit
989 923 1032 990 ad
1042 921 1210 1007 quandam

79 1023 162 1088 dem
181 1041 351 1106 magnam,
367 1041 426 1107 per
441 1043 539 1108 quam
557 1026 597 1093 ds
613 1027 695 1092 villa
709 1029 813 1096 Lueld
829 1031 894 1098 itur
904 1031 943 1096 in
967 1031 1078 1098 villam
1104 1031 1212 1118 llyka,

78 1136 109 1196 et
123 1130 273 1195 transilit
293 1129 398 1213 ipsam
423 1132 521 1217 viam,
547 1133 602 1201 ubi
627 1154 727 1220 prope
758 1135 894 1202 eandem
926 1137 1014 1204 viam
1049 1139 1213 1204 mediante
1329 1167 1335 1174 ·

78 1236 253 1310 latitudine
270 1237 395 1323 dimidij
413 1239 534 1323 iugeris
549 1247 624 1308 sunt
639 1239 702 1309 dus
718 1251 821 1328 metc;
838 1249 870 1312 et
885 1244 960 1312 inde
986 1266 1044 1330 per
1069 1244 1209 1312 medinm

78 1348 221 1420 eiusdem
239 1345 364 1430 ingeris
380 1353 465 1414 terre
481 1348 541 1414 sub
558 1349 699 1432 quodam
716 1351 796 1417 colle
812 1351 846 1416 in
862 1353 980 1420 arabili
1008 1352 1112 1419 tendit
1138 1371 1210 1418 uer·
1274 1337 1276 1342 ’
1320 1442 1321 1446 ¹

78 1481 130 1530 sus
147 1462 306 1527 orientem
322 1459 366 1524 ad
382 1459 543 1541 quendam
559 1460 700 1528 riuurlum
714 1481 816 1548 prope
832 1483 928 1529 unam
955 1462 1082 1548 siluam,
1103 1469 1134 1528 et
1159 1463 1215 1528 in·-

78 1568 254 1634 teriacentc
269 1565 438 1632 latitudine
453 1565 589 1634 duorum
606 1567 752 1652 iugerum
767 1569 851 1635 inter
867 1569 972 1655 ipsam
1003 1570 1119 1636 siluam
1146 1586 1205 1653 per

79 1674 244 1757 quendam
259 1670 403 1757 fluuium,
424 1673 479 1754 qui
496 1672 584 1738 cadit
601 1673 644 1768 ad
659 1676 795 1741 fluuium
805 1676 971 1762 Thornua,
987 1677 1042 1743 ubi
1055 1683 1130 1744 sunt
1146 1675 1210 1744 due

80 1789 159 1850 mete
175 1803 217 1848 ex
234 1787 373 1863 utraque
389 1785 481 1864 parte
497 1781 601 1865 ipsius
617 1782 708 1868 fluuij
723 1834 730 1865 ,
746 1792 777 1849 et
802 1785 837 1850 in
854 1784 966 1850 eodem
991 1785 1089 1851 fluuio
1119 1784 1211 1851 uadit

80 1909 191 1958 uersus
208 1887 378 1954 meridiem
391 1887 435 1951 ad
449 1885 571 1954 fontem
587 1887 657 1955 siue
673 1889 831 1973 originem
848 1892 954 1975 ipsius
969 1890 1069 1978 flnnij,
1098 1900 1131 1958 et
1157 1912 1206 1958 su·

81 2019 133 2084 per
148 1997 258 2081 ipsum
275 1995 408 2062 fluuium
423 2001 499 2060 sunt
515 1991 577 2061 due
593 2000 697 2080 mete;
725 2003 757 2060 et
782 1995 900 2064 abbino
926 2017 1065 2082 uergens
1091 2017 1205 2065 uersus

81 2105 215 2172 eandem
249 2109 375 2187 partem
401 2103 498 2168 currit
524 2121 581 2186 per
609 2101 847 2184 longitudinem
872 2103 965 2172 unius
991 2105 1124 2190 ingeris,
1153 2106 1208 2171 ubi

84 2217 155 2279 sunt
187 2210 292 2278 eciam
319 2208 383 2274 due
413 2216 517 2292 ncta3
535 2216 566 2274 et
592 2209 667 2275 inde
692 2209 866 2276 inflectitur
891 2231 1062 2297 parumper
1094 2233 1206 2281 uersus

81 2319 248 2404 orientem,
266 2323 298 2382 et
314 2335 446 2382 currens
462 2336 518 2401 per
534 2317 681 2401 spacium
698 2318 801 2384 iaetus
819 2316 939 2404 lapidis
957 2319 1007 2384 uel
1018 2321 1117 2405 paulo
1128 2319 1203 2405 plus

1 2513 2 2522 ἵ
82 2425 226 2510 peruenit
242 2421 286 2488 ud
302 2421 464 2506 quandam
480 2421 577 2508 uiam,
594 2443 653 2508 per
669 2443 763 2504 quarn
791 2423 854 2490 itur
878 2424 912 2491 in
939 2425 1056 2492 siluam
1074 2428 1202 2512 Bolon,

85 2533 172 2600 stibi
188 2553 231 2599 ex
249 2539 386 2614 utraque
401 2536 495 2615 parte
520 2529 666 2597 eiusdem
691 2531 743 2597 vie
768 2538 844 2597 sunt
869 2531 930 2598 due
954 2541 1057 2618 mete,
1084 2541 1117 2601 et
1147 2555 1205 2620 per

84 2641 218 2706 eandum
235 2639 325 2705 viam
336 2656 451 2704 uersus
462 2636 627 2703 meridiem
639 2638 852 2722 progrediens
874 2639 1073 2725 uenitusque
1084 2640 1127 2707 ad
1144 2647 1206 2708 ter·

1 2782 7 2832 ,1
84 2745 415 2832 minossilueBokon,
426 2744 513 2812 stibi
529 2745 560 2810 in
578 2743 863 2830 capitecuiusdam
874 2747 970 2814 vallis
989 2767 1089 2833 supra
1105 2769 1204 2831 quen·

85 2855 153 2947 dam
170 2855 293 2924 iontem
310 2855 343 2919 in
369 2854 439 2920 loco
475 2853 640 2937 vulgariter
676 2853 870 2920 Kuacbbike
897 2863 1012 2922 uocato
1039 2863 1116 2922 sunt
1143 2853 1204 2924 due

85 2971 172 3050 meto,
200 2982 266 3045 que
281 2968 473 3047 separanta
498 2961 584 3028 silua
609 2961 716 3028 Boeon
743 2968 934 3049 prenotata;
960 2983 1075 3030 cursus
1102 2963 1206 3030 eciam

85 3070 168 3154 flnnij
185 3068 375 3154 incipientis
394 3070 427 3134 in
444 3069 593 3156 predicta
608 3070 695 3135 valle
719 3069 916 3137 Kuaobbike
941 3078 1070 3156 uocata,
1099 3078 1131 3136 et
1155 3091 1204 3137 aa·

85 3176 184 3242 dentis
200 3177 237 3242 in
252 3175 384 3242 fluuium
400 3175 552 3242 Thornua
568 3177 609 3243 ab
627 3176 743 3243 eadem
758 3175 845 3243 silua
860 3177 985 3264 Bokou,
1011 3177 1098 3244 silua
1114 3176 1203 3243 uide-

85 3284 152 3350 licet
165 3284 281 3370 Regali
297 3289 416 3349 terram
432 3283 575 3368 ipsorum
593 3290 726 3370 separat
741 3289 773 3351 et
790 3283 951 3372 distingit,
977 3293 1012 3352 ut
1037 3284 1198 3352 dixerunt.

1 3400 2 3490 ἐ
85 3393 120 3457 Et
134 3396 179 3459 sic
194 3393 342 3461 terminis
360 3391 430 3458 siuc
446 3393 540 3458 melis
559 3393 660 3475 ipsius
676 3401 760 3459 terra
777 3393 957 3460 terminatis
966 3411 1023 3459 seu
1036 3393 1199 3459 distinctis

84 3507 199 3582 partem
218 3501 362 3567 eiusdem
379 3505 463 3567 terre
479 3519 501 3564 a
517 3506 610 3583 parte
626 3507 711 3565 terre
726 3499 952 3584 generationis
969 3501 1112 3584 ipsorum
1137 3497 1202 3564 exi-

1 3605 2 3608 ’
85 3613 222 3696 stentem,
242 3627 312 3676 enm
339 3605 523 3674 molendino
550 3605 637 3671 intra
662 3606 798 3672 eandem
825 3607 1009 3692 porcionem
1035 3605 1201 3692 existenti,

1 3721 2 3744 ³
86 3714 188 3782 Comes
207 3715 360 3782 Chelleus
378 3722 410 3780 et
425 3715 483 3800 filij
502 3715 553 3782 sui
568 3715 733 3800 prenotati
749 3715 934 3800 habebunt;
951 3714 1109 3800 reliquam
1126 3735 1203 3781 uero

86 3831 202 3906 partem
220 3830 349 3908 aparte
376 3821 569 3888 Kuachbike
601 3821 746 3888 babitam
773 3841 845 3889 oum
871 3824 1057 3891 molendino
1081 3841 1201 3908 eorum,

1 3940 2 3952 ¹
87 3931 162 4012 qnod
177 3932 268 4017 apud
285 3930 413 3996 domurn
431 3931 562 3998 (loliani
587 3929 707 4018 existit,
733 3931 917 4015 Stephanus
948 3931 1035 3997 filius
1060 3929 1198 4014 Stepha-

1 4101 2 4104 ,
85 4036 278 4124 nitanquam
304 4038 454 4104 diuidens
471 4058 529 4104 seu
547 4038 672 4106 diuisor
696 4038 800 4122 ipsius
825 4045 909 4106 terre
934 4037 1069 4124 pacifice
1095 4035 1198 4121 possi-

87 4142 171 4213 debit.
186 4149 279 4216 Dixit
296 4147 398 4213 eeiam
414 4145 499 4211 idem
531 4147 644 4214 (lomes
670 4145 823 4214 Obelleus
838 4167 896 4232 pro
921 4166 958 4212 se
974 4152 1005 4212 et
1030 4165 1089 4230 pro
1117 4144 1193 4229 filija

1 4321 2 4327 χ
86 4255 145 4320 suis
159 4257 350 4342 prenotatis,
368 4251 453 4338 quod
468 4253 657 4340 Stephanus
688 4254 800 4340 sepius
825 4254 962 4321 iteratus
991 4271 1088 4338 super
1112 4253 1198 4318 omni

1 4443 2 4446 Ἴ
85 4357 180 4431 debito
197 4383 237 4430 ac
252 4361 427 4447 solucione,
442 4361 476 4426 in
503 4361 619 4444 quibus
645 4369 713 4428 tam
743 4361 874 4427 racione
899 4365 1057 4426 terrarum
1085 4356 1196 4444 ampti-

1 4526 2 4536 ,
87 4465 194 4538 uiarum
211 4489 309 4554 quam
336 4467 505 4534 occasione
532 4485 746 4553 expensarum
773 4465 876 4553 ipsius
903 4465 1037 4532 Comitis
1063 4464 1199 4552 (ibelley

1 4625 2 4628 ,
86 4575 287 4645 mediantibus
315 4576 430 4642 litteris
456 4576 575 4642 nostris
600 4574 846 4642 memorialibus
871 4575 1050 4659 tenebatur,
1078 4573 1140 4640 sibi
1167 4581 1200 4640 at

1 4658 2 4682 l

1 4693 3 4731 l

1 4816 5 4919 l

1 4922 9 5063 ι
73 5125 76 5136 .

87 4683 230 4772 suisfflijs
247 4684 508 4752 omnimodamct
538 4683 721 4770 plenariam
746 4683 1009 4752 satisfaccionem
1034 4678 1198 4768 inpendis-
