<?xml version="1.0" encoding="UTF-8"?>
<!DOCTYPE html PUBLIC "-//W3C//DTD XHTML 1.0 Transitional//EN"
    "http://www.w3.org/TR/xhtml1/DTD/xhtml1-transitional.dtd">
<html xmlns="http://www.w3.org/1999/xhtml" xml:lang="en" lang="en">
 <head>
  <title>
</title>
<meta http-equiv="Content-Type" content="text/html;charset=utf-8" />
  <meta name='ocr-system' content='tesseract 3.04.00' />
  <meta name='ocr-capabilities' content='ocr_page ocr_carea ocr_par ocr_line ocrx_word'/>
</head>
<body>
  <div class='ocr_page' id='page_1' title='image "./codexdiplomatic03wenzgoog_0500.png"; bbox 0 0 3180 5202; ppageno 0'>
   <div class='ocr_carea' id='block_1_1' title="bbox 947 983 1024 1049">
    <p class='ocr_par' dir='ltr' id='par_1_1' title="bbox 947 983 1024 1049">
     <span class='ocr_line' id='line_1_1' title="bbox 947 983 1024 1049; baseline -0.026 0"><span class='ocrx_word' id='word_1_1' title='bbox 947 983 1024 1049; x_wconf 74' lang='lat'><strong>321.</strong></span> 
     </span>
    </p>
   </div>
   <div class='ocr_carea' id='block_1_2' title="bbox 423 1177 1532 1351">
    <p class='ocr_par' dir='ltr' id='par_1_2' title="bbox 423 1177 1532 1351">
     <span class='ocr_line' id='line_1_2' title="bbox 423 1177 1532 1286; baseline 0.005 -43"><span class='ocrx_word' id='word_1_2' title='bbox 423 1177 673 1263; x_wconf 64' lang='lat' dir='ltr'><strong>tuwonykeee&#39;st</strong></span> <span class='ocrx_word' id='word_1_3' title='bbox 689 1179 856 1266; x_wconf 76' lang='lat' dir='ltr'><strong>oinopolo&#39;s</strong></span> <span class='ocrx_word' id='word_1_4' title='bbox 872 1203 919 1286; x_wconf 56' lang='lat' dir='ltr'><strong>aa</strong></span> <span class='ocrx_word' id='word_1_5' title='bbox 930 1179 1152 1262; x_wconf 75' lang='lat' dir='ltr'><strong>Ebedfias‘uok</strong></span> <span class='ocrx_word' id='word_1_6' title='bbox 1169 1181 1268 1245; x_wconf 73' lang='lat' dir='ltr'><strong>Keleai</strong></span> <span class='ocrx_word' id='word_1_7' title='bbox 1294 1182 1391 1247; x_wconf 73' lang='lat' dir='ltr'><strong>ottoni</strong></span> <span class='ocrx_word' id='word_1_8' title='bbox 1415 1183 1532 1268; x_wconf 74' lang='lat' dir='ltr'><strong>porion.</strong></span> 
     </span>
     <span class='ocr_line' id='line_1_3' title="bbox 887 1284 1071 1351; baseline -0.016 -2"><span class='ocrx_word' id='word_1_9' title='bbox 887 1287 938 1349; x_wconf 82' lang='lat' dir='ltr'><strong>Eo</strong></span> <span class='ocrx_word' id='word_1_10' title='bbox 955 1284 1071 1351; x_wconf 63' lang='lat' dir='ltr'><strong>politii.</strong></span> 
     </span>
    </p>
   </div>
   <div class='ocr_carea' id='block_1_3' title="bbox 414 1475 1537 3385">
    <p class='ocr_par' dir='ltr' id='par_1_3' title="bbox 414 1475 1537 3385">
     <span class='ocr_line' id='line_1_4' title="bbox 525 1475 1530 1569; baseline 0.006 -29"><span class='ocrx_word' id='word_1_11' title='bbox 525 1475 649 1547; x_wconf 84' lang='lat' dir='ltr'><strong>Demus</strong></span> <span class='ocrx_word' id='word_1_12' title='bbox 664 1499 723 1565; x_wconf 90' lang='lat' dir='ltr'><strong>pro</strong></span> <span class='ocrx_word' id='word_1_13' title='bbox 738 1479 903 1564; x_wconf 83' lang='lat' dir='ltr'><strong>memoria,</strong></span> <span class='ocrx_word' id='word_1_14' title='bbox 920 1478 1007 1562; x_wconf 89' lang='lat' dir='ltr'><strong>quod</strong></span> <span class='ocrx_word' id='word_1_15' title='bbox 1023 1497 1156 1546; x_wconf 68' lang='lat' dir='ltr'><strong>oaumm</strong></span> <span class='ocrx_word' id='word_1_16' title='bbox 1176 1501 1273 1562; x_wconf 89' lang='lat' dir='ltr'><strong>quam</strong></span> <span class='ocrx_word' id='word_1_17' title='bbox 1285 1481 1421 1569; x_wconf 86' lang='lat' dir='ltr'><strong>Kemen,</strong></span> <span class='ocrx_word' id='word_1_18' title='bbox 1431 1483 1530 1549; x_wconf 83' lang='lat' dir='ltr'><strong>Renoi·</strong></span> 
     </span>
     <span class='ocr_line' id='line_1_5' title="bbox 419 1582 1532 1672; baseline 0.005 -24"><span class='ocrx_word' id='word_1_19' title='bbox 419 1584 480 1650; x_wconf 88' lang='lat' dir='ltr'><strong>dus</strong></span> <span class='ocrx_word' id='word_1_20' title='bbox 495 1590 528 1650; x_wconf 90' lang='lat' dir='ltr'><strong>et</strong></span> <span class='ocrx_word' id='word_1_21' title='bbox 544 1582 637 1651; x_wconf 80' lang='lat' dir='ltr'><strong>Ohak</strong></span> <span class='ocrx_word' id='word_1_22' title='bbox 653 1585 712 1672; x_wconf 91' lang='lat' dir='ltr'><strong>filij</strong></span> <span class='ocrx_word' id='word_1_23' title='bbox 731 1586 824 1652; x_wconf 74' lang='lat' dir='ltr'><strong>libert</strong></span> <span class='ocrx_word' id='word_1_24' title='bbox 838 1587 1057 1672; x_wconf 77' lang='lat' dir='ltr'><strong>personaliter</strong></span> <span class='ocrx_word' id='word_1_25' title='bbox 1072 1593 1219 1655; x_wconf 83' lang='lat' dir='ltr'><strong>astantes</strong></span> <span class='ocrx_word' id='word_1_26' title='bbox 1245 1587 1414 1656; x_wconf 85' lang='lat' dir='ltr'><strong>habebant</strong></span> <span class='ocrx_word' id='word_1_27' title='bbox 1437 1607 1532 1654; x_wconf 82' lang='lat' dir='ltr'><strong>eoram</strong></span> 
     </span>
     <span class='ocr_line' id='line_1_6' title="bbox 418 1689 1532 1778; baseline 0.002 -22"><span class='ocrx_word' id='word_1_28' title='bbox 418 1689 511 1758; x_wconf 89' lang='lat' dir='ltr'><strong>nobis</strong></span> <span class='ocrx_word' id='word_1_29' title='bbox 526 1691 560 1757; x_wconf 95' lang='lat' dir='ltr'><strong>in</strong></span> <span class='ocrx_word' id='word_1_30' title='bbox 575 1692 702 1760; x_wconf 88' lang='lat' dir='ltr'><strong>ootauis</strong></span> <span class='ocrx_word' id='word_1_31' title='bbox 717 1690 870 1778; x_wconf 80' lang='lat' dir='ltr'><strong>Episanie</strong></span> <span class='ocrx_word' id='word_1_32' title='bbox 884 1692 1016 1760; x_wconf 85' lang='lat' dir='ltr'><strong>Domini</strong></span> <span class='ocrx_word' id='word_1_33' title='bbox 1033 1699 1146 1761; x_wconf 84' lang='lat' dir='ltr'><strong>eontra</strong></span> <span class='ocrx_word' id='word_1_34' title='bbox 1171 1694 1274 1761; x_wconf 85' lang='lat' dir='ltr'><strong>Keled</strong></span> <span class='ocrx_word' id='word_1_35' title='bbox 1305 1693 1408 1760; x_wconf 85' lang='lat' dir='ltr'><strong>tilium</strong></span> <span class='ocrx_word' id='word_1_36' title='bbox 1438 1692 1532 1759; x_wconf 82' lang='lat' dir='ltr'><strong>Keled</strong></span> 
     </span>
     <span class='ocr_line' id='line_1_7' title="bbox 418 1797 1534 1885; baseline 0.001 -22"><span class='ocrx_word' id='word_1_37' title='bbox 418 1797 635 1882; x_wconf 75' lang='lat' dir='ltr'>personaliter</span> <span class='ocrx_word' id='word_1_38' title='bbox 648 1805 821 1885; x_wconf 73' lang='lat' dir='ltr'><strong>astantem,</strong></span> <span class='ocrx_word' id='word_1_39' title='bbox 839 1798 882 1866; x_wconf 86' lang='lat' dir='ltr'><strong>ad</strong></span> <span class='ocrx_word' id='word_1_40' title='bbox 899 1801 1094 1885; x_wconf 75' lang='lat' dir='ltr'><strong>peticionem</strong></span> <span class='ocrx_word' id='word_1_41' title='bbox 1120 1801 1274 1882; x_wconf 75' lang='lat' dir='ltr'><strong>Magistri</strong></span> <span class='ocrx_word' id='word_1_42' title='bbox 1300 1799 1469 1884; x_wconf 86' lang='lat' dir='ltr'><strong>Laureneij</strong></span> <span class='ocrx_word' id='word_1_43' title='bbox 1485 1799 1534 1864; x_wconf 84' lang='lat' dir='ltr'><strong>Co</strong></span> 
     </span>
     <span class='ocr_line' id='line_1_8' title="bbox 419 1903 1537 1992; baseline 0.001 -24"><span class='ocrx_word' id='word_1_44' title='bbox 419 1903 506 1971; x_wconf 88' lang='lat' dir='ltr'><strong>mitis</strong></span> <span class='ocrx_word' id='word_1_45' title='bbox 521 1904 753 1992; x_wconf 84' lang='lat' dir='ltr'><strong>Supruniensis</strong></span> <span class='ocrx_word' id='word_1_46' title='bbox 768 1911 880 1991; x_wconf 85' lang='lat' dir='ltr'><strong>partes</strong></span> <span class='ocrx_word' id='word_1_47' title='bbox 895 1913 983 1973; x_wconf 86' lang='lat' dir='ltr'><strong>statu</strong></span> <span class='ocrx_word' id='word_1_48' title='bbox 999 1909 1099 1991; x_wconf 85' lang='lat' dir='ltr'><strong>priori</strong></span> <span class='ocrx_word' id='word_1_49' title='bbox 1124 1905 1168 1973; x_wconf 87' lang='lat' dir='ltr'><strong>ad</strong></span> <span class='ocrx_word' id='word_1_50' title='bbox 1185 1915 1320 1974; x_wconf 83' lang='lat' dir='ltr'><strong>ootanas</strong></span> <span class='ocrx_word' id='word_1_51' title='bbox 1343 1907 1537 1973; x_wconf 81' lang='lat' dir='ltr'><strong>Pentooostes</strong></span> 
     </span>
     <span class='ocr_line' id='line_1_9' title="bbox 417 2011 1535 2100; baseline 0.002 -24"><span class='ocrx_word' id='word_1_52' title='bbox 417 2021 635 2096; x_wconf 79' lang='lat' dir='ltr'><strong>prorogarunt</strong></span> <span class='ocrx_word' id='word_1_53' title='bbox 650 2011 692 2079; x_wconf 92' lang='lat' dir='ltr'><strong>de</strong></span> <span class='ocrx_word' id='word_1_54' title='bbox 718 2020 830 2080; x_wconf 85' lang='lat' dir='ltr'><strong>nostra</strong></span> <span class='ocrx_word' id='word_1_55' title='bbox 855 2012 1088 2097; x_wconf 88' lang='lat' dir='ltr'><strong>permissione;</strong></span> <span class='ocrx_word' id='word_1_56' title='bbox 1119 2013 1167 2080; x_wconf 87' lang='lat' dir='ltr'><strong>ita</strong></span> <span class='ocrx_word' id='word_1_57' title='bbox 1197 2021 1317 2100; x_wconf 85' lang='lat' dir='ltr'><strong>tamen,</strong></span> <span class='ocrx_word' id='word_1_58' title='bbox 1348 2014 1434 2099; x_wconf 85' lang='lat' dir='ltr'><strong>quod</strong></span> <span class='ocrx_word' id='word_1_59' title='bbox 1460 2011 1535 2078; x_wconf 87' lang='lat' dir='ltr'><strong>iden</strong></span> 
     </span>
     <span class='ocr_line' id='line_1_10' title="bbox 417 2113 1535 2206; baseline 0.002 -26"><span class='ocrx_word' id='word_1_60' title='bbox 417 2113 632 2206; x_wconf 66' lang='lat' dir='ltr'><strong>Laureueim}</strong></span> <span class='ocrx_word' id='word_1_61' title='bbox 647 2116 763 2186; x_wconf 85' lang='lat' dir='ltr'><strong>Comes</strong></span> <span class='ocrx_word' id='word_1_62' title='bbox 789 2119 1021 2206; x_wconf 84' lang='lat' dir='ltr'><strong>Suprnniemis</strong></span> <span class='ocrx_word' id='word_1_63' title='bbox 1053 2121 1240 2206; x_wconf 75' lang='lat' dir='ltr'><strong>assumpsit,</strong></span> <span class='ocrx_word' id='word_1_64' title='bbox 1272 2119 1358 2205; x_wconf 83' lang='lat' dir='ltr'><strong>qnod</strong></span> <span class='ocrx_word' id='word_1_65' title='bbox 1389 2119 1535 2186; x_wconf 77' lang='lat' dir='ltr'><strong>adiunctis</strong></span> 
     </span>
     <span class='ocr_line' id='line_1_11' title="bbox 416 2225 1532 2317; baseline 0.001 -26"><span class='ocrx_word' id='word_1_66' title='bbox 416 2225 480 2292; x_wconf 90' lang='lat' dir='ltr'><strong>sibi</strong></span> <span class='ocrx_word' id='word_1_67' title='bbox 495 2227 639 2295; x_wconf 78' lang='lat' dir='ltr'><strong>Abream</strong></span> <span class='ocrx_word' id='word_1_68' title='bbox 655 2225 780 2294; x_wconf 72' lang='lat' dir='ltr'><strong>comite</strong></span> <span class='ocrx_word' id='word_1_69' title='bbox 800 2229 931 2315; x_wconf 80' lang='lat' dir='ltr'><strong>Magno,</strong></span> <span class='ocrx_word' id='word_1_70' title='bbox 949 2229 1104 2317; x_wconf 82' lang='lat' dir='ltr'><strong>Ghepeuo</strong></span> <span class='ocrx_word' id='word_1_71' title='bbox 1121 2229 1196 2296; x_wconf 82' lang='lat' dir='ltr'><strong>filio·</strong></span> <span class='ocrx_word' id='word_1_72' title='bbox 1218 2229 1395 2314; x_wconf 81' lang='lat' dir='ltr'><strong>Kaamerij,</strong></span> <span class='ocrx_word' id='word_1_73' title='bbox 1425 2225 1532 2310; x_wconf 80' lang='lat' dir='ltr'><strong>Grego</strong></span> 
     </span>
     <span class='ocr_line' id='line_1_12' title="bbox 417 2332 1530 2420; baseline -0.002 -22"><span class='ocrx_word' id='word_1_74' title='bbox 417 2333 467 2398; x_wconf 91' lang='lat' dir='ltr'><strong>rio</strong></span> <span class='ocrx_word' id='word_1_75' title='bbox 481 2332 548 2399; x_wconf 82' lang='lat' dir='ltr'><strong>filio</strong></span> <span class='ocrx_word' id='word_1_76' title='bbox 565 2332 698 2401; x_wconf 82' lang='lat' dir='ltr'><strong>Comitis</strong></span> <span class='ocrx_word' id='word_1_77' title='bbox 714 2334 812 2420; x_wconf 89' lang='lat' dir='ltr'><strong>Petri,</strong></span> <span class='ocrx_word' id='word_1_78' title='bbox 827 2334 959 2403; x_wconf 81' lang='lat' dir='ltr'><strong>Andros</strong></span> <span class='ocrx_word' id='word_1_79' title='bbox 974 2337 1076 2403; x_wconf 84' lang='lat' dir='ltr'><strong>fratre</strong></span> <span class='ocrx_word' id='word_1_80' title='bbox 1092 2332 1240 2402; x_wconf 86' lang='lat' dir='ltr'><strong>eiusdem</strong></span> <span class='ocrx_word' id='word_1_81' title='bbox 1250 2335 1400 2420; x_wconf 82' lang='lat' dir='ltr'><strong>Gregorij</strong></span> <span class='ocrx_word' id='word_1_82' title='bbox 1421 2341 1452 2400; x_wconf 91' lang='lat' dir='ltr'><strong>et</strong></span> <span class='ocrx_word' id='word_1_83' title='bbox 1459 2332 1530 2398; x_wconf 75' lang='lat' dir='ltr'><strong>Tho</strong></span> 
     </span>
     <span class='ocr_line' id='line_1_13' title="bbox 418 2427 1527 2530; baseline 0.002 -26"><span class='ocrx_word' id='word_1_84' title='bbox 418 2459 472 2505; x_wconf 90' lang='lat' dir='ltr'><strong>ma</strong></span> <span class='ocrx_word' id='word_1_85' title='bbox 487 2439 554 2506; x_wconf 88' lang='lat' dir='ltr'><strong>filio</strong></span> <span class='ocrx_word' id='word_1_86' title='bbox 569 2441 691 2530; x_wconf 74' lang='lat' dir='ltr'><strong>Buten,</strong></span> <span class='ocrx_word' id='word_1_87' title='bbox 709 2462 788 2526; x_wconf 88' lang='lat' dir='ltr'><strong>quos</strong></span> <span class='ocrx_word' id='word_1_88' title='bbox 805 2444 879 2529; x_wconf 87' lang='lat' dir='ltr'><strong>ipse</strong></span> <span class='ocrx_word' id='word_1_89' title='bbox 894 2443 980 2511; x_wconf 87' lang='lat' dir='ltr'><strong>idem</strong></span> <span class='ocrx_word' id='word_1_90' title='bbox 997 2443 1113 2513; x_wconf 79' lang='lat' dir='ltr'><strong>ducere</strong></span> <span class='ocrx_word' id='word_1_91' title='bbox 1129 2427 1320 2530; x_wconf 83' lang='lat' dir='ltr'><strong>assumpsit,</strong></span> <span class='ocrx_word' id='word_1_92' title='bbox 1336 2442 1439 2510; x_wconf 85' lang='lat' dir='ltr'><strong>medio</strong></span> <span class='ocrx_word' id='word_1_93' title='bbox 1463 2460 1527 2526; x_wconf 87' lang='lat' dir='ltr'><strong>quo</strong></span> 
     </span>
     <span class='ocr_line' id='line_1_14' title="bbox 416 2546 1526 2636; baseline -0.001 -24"><span class='ocrx_word' id='word_1_94' title='bbox 416 2565 488 2612; x_wconf 88' lang='lat' dir='ltr'><strong>rum</strong></span> <span class='ocrx_word' id='word_1_95' title='bbox 504 2546 605 2615; x_wconf 89' lang='lat' dir='ltr'><strong>teroio</strong></span> <span class='ocrx_word' id='word_1_96' title='bbox 621 2546 675 2616; x_wconf 88' lang='lat' dir='ltr'><strong>die</strong></span> <span class='ocrx_word' id='word_1_97' title='bbox 690 2555 765 2634; x_wconf 88' lang='lat' dir='ltr'><strong>post</strong></span> <span class='ocrx_word' id='word_1_98' title='bbox 779 2550 909 2618; x_wconf 81' lang='lat' dir='ltr'><strong>Pascha</strong></span> <span class='ocrx_word' id='word_1_99' title='bbox 923 2550 1055 2620; x_wconf 90' lang='lat' dir='ltr'><strong>Domini</strong></span> <span class='ocrx_word' id='word_1_100' title='bbox 1071 2553 1105 2620; x_wconf 89' lang='lat' dir='ltr'><strong>in</strong></span> <span class='ocrx_word' id='word_1_101' title='bbox 1120 2549 1203 2617; x_wconf 85' lang='lat' dir='ltr'><strong>villa</strong></span> <span class='ocrx_word' id='word_1_102' title='bbox 1217 2549 1340 2636; x_wconf 83' lang='lat' dir='ltr'><strong>Nykoh</strong></span> <span class='ocrx_word' id='word_1_103' title='bbox 1364 2567 1458 2634; x_wconf 86' lang='lat' dir='ltr'><strong>snper</strong></span> <span class='ocrx_word' id='word_1_104' title='bbox 1471 2567 1526 2614; x_wconf 91' lang='lat' dir='ltr'><strong>onr-</strong></span> 
     </span>
     <span class='ocr_line' id='line_1_15' title="bbox 418 2651 1529 2746; baseline 0.002 -29"><span class='ocrx_word' id='word_1_105' title='bbox 418 2651 513 2722; x_wconf 86' lang='lat' dir='ltr'><strong>nibus</strong></span> <span class='ocrx_word' id='word_1_106' title='bbox 528 2653 646 2743; x_wconf 87' lang='lat' dir='ltr'><strong>oausis,</strong></span> <span class='ocrx_word' id='word_1_107' title='bbox 663 2659 893 2742; x_wconf 79' lang='lat' dir='ltr'><strong>controuersiJs</strong></span> <span class='ocrx_word' id='word_1_108' title='bbox 909 2665 942 2728; x_wconf 90' lang='lat' dir='ltr'><strong>et</strong></span> <span class='ocrx_word' id='word_1_109' title='bbox 957 2658 1108 2746; x_wconf 86' lang='lat' dir='ltr'><strong>dampnis</strong></span> <span class='ocrx_word' id='word_1_110' title='bbox 1124 2664 1317 2740; x_wconf 82' lang='lat' dir='ltr'><strong>oognossoet</strong></span> <span class='ocrx_word' id='word_1_111' title='bbox 1331 2661 1365 2723; x_wconf 87' lang='lat' dir='ltr'><strong>et</strong></span> <span class='ocrx_word' id='word_1_112' title='bbox 1381 2655 1529 2721; x_wconf 80' lang='lat' dir='ltr'><strong>arbitrium</strong></span> 
     </span>
     <span class='ocr_line' id='line_1_16' title="bbox 414 2761 1529 2852; baseline 0 -25"><span class='ocrx_word' id='word_1_113' title='bbox 414 2761 522 2847; x_wconf 78' lang='lat' dir='ltr'><strong>taoiet,</strong></span> <span class='ocrx_word' id='word_1_114' title='bbox 538 2761 572 2828; x_wconf 91' lang='lat' dir='ltr'><strong>in</strong></span> <span class='ocrx_word' id='word_1_115' title='bbox 588 2762 652 2830; x_wconf 86' lang='lat' dir='ltr'><strong>fide</strong></span> <span class='ocrx_word' id='word_1_116' title='bbox 666 2763 737 2832; x_wconf 89' lang='lat' dir='ltr'><strong>Deo</strong></span> <span class='ocrx_word' id='word_1_117' title='bbox 752 2764 873 2852; x_wconf 85' lang='lat' dir='ltr'><strong>debita,</strong></span> <span class='ocrx_word' id='word_1_118' title='bbox 890 2771 984 2852; x_wconf 88' lang='lat' dir='ltr'><strong>prout</strong></span> <span class='ocrx_word' id='word_1_119' title='bbox 999 2764 1041 2832; x_wconf 89' lang='lat' dir='ltr'><strong>de</strong></span> <span class='ocrx_word' id='word_1_120' title='bbox 1057 2765 1206 2831; x_wconf 88' lang='lat' dir='ltr'><strong>omnibus</strong></span> <span class='ocrx_word' id='word_1_121' title='bbox 1231 2763 1329 2829; x_wconf 82' lang='lat' dir='ltr'><strong>saetis</strong></span> <span class='ocrx_word' id='word_1_122' title='bbox 1361 2762 1451 2829; x_wconf 87' lang='lat' dir='ltr'><strong>soiuit</strong></span> <span class='ocrx_word' id='word_1_123' title='bbox 1479 2761 1529 2828; x_wconf 88' lang='lat' dir='ltr'><strong>ali·</strong></span> 
     </span>
     <span class='ocr_line' id='line_1_17' title="bbox 416 2867 1527 2958; baseline -0.002 -22"><span class='ocrx_word' id='word_1_124' title='bbox 416 2867 493 2954; x_wconf 85' lang='lat' dir='ltr'><strong>quid</strong></span> <span class='ocrx_word' id='word_1_125' title='bbox 510 2872 563 2939; x_wconf 89' lang='lat' dir='ltr'><strong>uel</strong></span> <span class='ocrx_word' id='word_1_126' title='bbox 579 2869 662 2938; x_wconf 83' lang='lat' dir='ltr'><strong>seire</strong></span> <span class='ocrx_word' id='word_1_127' title='bbox 677 2873 796 2958; x_wconf 89' lang='lat' dir='ltr'><strong>poterit</strong></span> <span class='ocrx_word' id='word_1_128' title='bbox 812 2873 940 2940; x_wconf 88' lang='lat' dir='ltr'><strong>iustioia</strong></span> <span class='ocrx_word' id='word_1_129' title='bbox 955 2872 1129 2954; x_wconf 88' lang='lat' dir='ltr'><strong>mediante,</strong></span> <span class='ocrx_word' id='word_1_130' title='bbox 1140 2877 1279 2958; x_wconf 83' lang='lat' dir='ltr'><strong>protunc</strong></span> <span class='ocrx_word' id='word_1_131' title='bbox 1288 2869 1409 2936; x_wconf 85' lang='lat' dir='ltr'><strong>faotum</strong></span> <span class='ocrx_word' id='word_1_132' title='bbox 1420 2886 1527 2954; x_wconf 84' lang='lat' dir='ltr'><strong>posses·</strong></span> 
     </span>
     <span class='ocr_line' id='line_1_18' title="bbox 418 2974 1526 3066; baseline -0.003 -23"><span class='ocrx_word' id='word_1_133' title='bbox 418 2976 546 3043; x_wconf 90' lang='lat' dir='ltr'><strong>sionum</strong></span> <span class='ocrx_word' id='word_1_134' title='bbox 563 2985 754 3062; x_wconf 83' lang='lat' dir='ltr'><strong>oognosseet</strong></span> <span class='ocrx_word' id='word_1_135' title='bbox 770 2985 802 3046; x_wconf 87' lang='lat' dir='ltr'><strong>et</strong></span> <span class='ocrx_word' id='word_1_136' title='bbox 817 2999 914 3066; x_wconf 85' lang='lat' dir='ltr'><strong>sopor</strong></span> <span class='ocrx_word' id='word_1_137' title='bbox 929 2979 1016 3046; x_wconf 76' lang='lat' dir='ltr'><strong>tuoto</strong></span> <span class='ocrx_word' id='word_1_138' title='bbox 1031 2979 1137 3046; x_wconf 88' lang='lat' dir='ltr'><strong>Keled</strong></span> <span class='ocrx_word' id='word_1_139' title='bbox 1153 2977 1301 3045; x_wconf 84' lang='lat' dir='ltr'><strong>similiter</strong></span> <span class='ocrx_word' id='word_1_140' title='bbox 1316 2977 1351 3042; x_wconf 90' lang='lat' dir='ltr'><strong>in</strong></span> <span class='ocrx_word' id='word_1_141' title='bbox 1368 2974 1452 3041; x_wconf 80' lang='lat' dir='ltr'><strong>fatto</strong></span> <span class='ocrx_word' id='word_1_142' title='bbox 1466 2991 1526 3056; x_wconf 85' lang='lat' dir='ltr'><strong>poe·</strong></span> 
     </span>
     <span class='ocr_line' id='line_1_19' title="bbox 416 3079 1529 3174; baseline -0.007 -22"><span class='ocrx_word' id='word_1_143' title='bbox 416 3083 592 3173; x_wconf 85' lang='lat' dir='ltr'><strong>sessionis;</strong></span> <span class='ocrx_word' id='word_1_144' title='bbox 607 3087 655 3152; x_wconf 84' lang='lat' dir='ltr'><strong>ite</strong></span> <span class='ocrx_word' id='word_1_145' title='bbox 670 3087 800 3171; x_wconf 87' lang='lat' dir='ltr'><strong>quidem</strong></span> <span class='ocrx_word' id='word_1_146' title='bbox 818 3089 904 3172; x_wconf 91' lang='lat' dir='ltr'><strong>quod</strong></span> <span class='ocrx_word' id='word_1_147' title='bbox 920 3107 1010 3174; x_wconf 85' lang='lat' dir='ltr'><strong>pars,</strong></span> <span class='ocrx_word' id='word_1_148' title='bbox 1027 3107 1090 3170; x_wconf 90' lang='lat' dir='ltr'><strong>que</strong></span> <span class='ocrx_word' id='word_1_149' title='bbox 1106 3085 1148 3153; x_wconf 90' lang='lat' dir='ltr'><strong>de</strong></span> <span class='ocrx_word' id='word_1_150' title='bbox 1174 3085 1308 3152; x_wconf 84' lang='lat' dir='ltr'><strong>arbitrio</strong></span> <span class='ocrx_word' id='word_1_151' title='bbox 1324 3081 1426 3168; x_wconf 88' lang='lat' dir='ltr'><strong>ipsius</strong></span> <span class='ocrx_word' id='word_1_152' title='bbox 1440 3079 1529 3148; x_wconf 77' lang='lat' dir='ltr'><strong>Comi·</strong></span> 
     </span>
     <span class='ocr_line' id='line_1_20' title="bbox 416 3189 1525 3279; baseline -0.005 -22"><span class='ocrx_word' id='word_1_153' title='bbox 416 3193 458 3258; x_wconf 85' lang='lat' dir='ltr'><strong>tis</strong></span> <span class='ocrx_word' id='word_1_154' title='bbox 473 3193 648 3279; x_wconf 84' lang='lat' dir='ltr'><strong>Laureneij</strong></span> <span class='ocrx_word' id='word_1_155' title='bbox 666 3200 698 3259; x_wconf 86' lang='lat' dir='ltr'><strong>et</strong></span> <span class='ocrx_word' id='word_1_156' title='bbox 714 3194 875 3262; x_wconf 87' lang='lat' dir='ltr'><strong>sooiorum</strong></span> <span class='ocrx_word' id='word_1_157' title='bbox 891 3213 1023 3261; x_wconf 85' lang='lat' dir='ltr'><strong>suorum</strong></span> <span class='ocrx_word' id='word_1_158' title='bbox 1040 3191 1201 3277; x_wconf 86' lang='lat' dir='ltr'><strong>resilierit,</strong></span> <span class='ocrx_word' id='word_1_159' title='bbox 1218 3192 1302 3258; x_wconf 87' lang='lat' dir='ltr'><strong>siout</strong></span> <span class='ocrx_word' id='word_1_160' title='bbox 1336 3189 1399 3255; x_wconf 87' lang='lat' dir='ltr'><strong>hoo</strong></span> <span class='ocrx_word' id='word_1_161' title='bbox 1429 3193 1525 3271; x_wconf 82' lang='lat' dir='ltr'><strong>partes</strong></span> 
     </span>
     <span class='ocr_line' id='line_1_21' title="bbox 416 3295 1529 3385; baseline -0.009 -19"><span class='ocrx_word' id='word_1_162' title='bbox 416 3305 533 3385; x_wconf 86' lang='lat' dir='ltr'><strong>sponte</strong></span> <span class='ocrx_word' id='word_1_163' title='bbox 547 3298 731 3385; x_wconf 87' lang='lat' dir='ltr'><strong>voluerunt,</strong></span> <span class='ocrx_word' id='word_1_164' title='bbox 749 3299 855 3368; x_wconf 87' lang='lat' dir='ltr'><strong>soluet</strong></span> <span class='ocrx_word' id='word_1_165' title='bbox 870 3299 1007 3384; x_wconf 82' lang='lat' dir='ltr'><strong>triginta</strong></span> <span class='ocrx_word' id='word_1_166' title='bbox 1022 3317 1150 3366; x_wconf 85' lang='lat' dir='ltr'><strong>mareas</strong></span> <span class='ocrx_word' id='word_1_167' title='bbox 1167 3305 1244 3366; x_wconf 86' lang='lat' dir='ltr'><strong>ante</strong></span> <span class='ocrx_word' id='word_1_168' title='bbox 1258 3297 1351 3364; x_wconf 87' lang='lat' dir='ltr'><strong>litem</strong></span> <span class='ocrx_word' id='word_1_169' title='bbox 1377 3295 1461 3378; x_wconf 86' lang='lat' dir='ltr'><strong>perti</strong></span> <span class='ocrx_word' id='word_1_170' title='bbox 1487 3311 1529 3357; x_wconf 88' lang='lat' dir='ltr'><strong>ar·</strong></span> 
     </span>
    </p>
   </div>
   <div class='ocr_carea' id='block_1_4' title="bbox 414 3397 1528 4014">
    <p class='ocr_par' dir='ltr' id='par_1_4' title="bbox 414 3397 1528 3815">
     <span class='ocr_line' id='line_1_22' title="bbox 415 3397 1526 3494; baseline -0.008 -22"><span class='ocrx_word' id='word_1_171' title='bbox 415 3407 543 3473; x_wconf 89' lang='lat' dir='ltr'><strong>bitrium</strong></span> <span class='ocrx_word' id='word_1_172' title='bbox 561 3407 730 3494; x_wconf 86' lang='lat' dir='ltr'><strong>toleranti;</strong></span> <span class='ocrx_word' id='word_1_173' title='bbox 746 3416 778 3475; x_wconf 92' lang='lat' dir='ltr'><strong>et</strong></span> <span class='ocrx_word' id='word_1_174' title='bbox 793 3417 889 3494; x_wconf 88' lang='lat' dir='ltr'><strong>prout</strong></span> <span class='ocrx_word' id='word_1_175' title='bbox 905 3409 989 3475; x_wconf 88' lang='lat' dir='ltr'><strong>inter</strong></span> <span class='ocrx_word' id='word_1_176' title='bbox 1005 3415 1115 3493; x_wconf 82' lang='lat' dir='ltr'><strong>partes</strong></span> <span class='ocrx_word' id='word_1_177' title='bbox 1141 3404 1204 3472; x_wconf 89' lang='lat' dir='ltr'><strong>hoo</strong></span> <span class='ocrx_word' id='word_1_178' title='bbox 1229 3404 1328 3471; x_wconf 84' lang='lat' dir='ltr'><strong>fuerit</strong></span> <span class='ocrx_word' id='word_1_179' title='bbox 1359 3397 1526 3485; x_wconf 84' lang='lat' dir='ltr'><strong>faetun,in</strong></span> 
     </span>
     <span class='ocr_line' id='line_1_23' title="bbox 414 3501 1528 3610; baseline -0.01 -32"><span class='ocrx_word' id='word_1_180' title='bbox 414 3511 569 3596; x_wconf 78' lang='lat' dir='ltr'><strong>predictis</strong></span> <span class='ocrx_word' id='word_1_181' title='bbox 586 3514 710 3582; x_wconf 87' lang='lat' dir='ltr'><strong>ootauis</strong></span> <span class='ocrx_word' id='word_1_182' title='bbox 725 3515 932 3582; x_wconf 86' lang='lat' dir='ltr'><strong>Ponteeostes</strong></span> <span class='ocrx_word' id='word_1_183' title='bbox 949 3515 1071 3581; x_wconf 89' lang='lat' dir='ltr'><strong>debent</strong></span> <span class='ocrx_word' id='word_1_184' title='bbox 1097 3510 1192 3610; x_wconf 69' lang='lat' dir='ltr'><strong>nobis</strong></span> <span class='ocrx_word' id='word_1_185' title='bbox 1208 3508 1363 3576; x_wconf 87' lang='lat' dir='ltr'><strong>exhibere</strong></span> <span class='ocrx_word' id='word_1_186' title='bbox 1377 3509 1412 3573; x_wconf 92' lang='lat' dir='ltr'><strong>in</strong></span> <span class='ocrx_word' id='word_1_187' title='bbox 1426 3501 1528 3574; x_wconf 86' lang='lat' dir='ltr'><strong>litteris</strong></span> 
     </span>
     <span class='ocr_line' id='line_1_24' title="bbox 415 3610 1526 3706; baseline -0.008 -22"><span class='ocrx_word' id='word_1_188' title='bbox 415 3619 551 3686; x_wconf 80' lang='lat' dir='ltr'><strong>Comitis</strong></span> <span class='ocrx_word' id='word_1_189' title='bbox 567 3621 739 3706; x_wconf 84' lang='lat' dir='ltr'><strong>Lauronoij</strong></span> <span class='ocrx_word' id='word_1_190' title='bbox 758 3628 791 3689; x_wconf 87' lang='lat' dir='ltr'><strong>et</strong></span> <span class='ocrx_word' id='word_1_191' title='bbox 807 3623 969 3689; x_wconf 88' lang='lat' dir='ltr'><strong>sooiorum</strong></span> <span class='ocrx_word' id='word_1_192' title='bbox 984 3640 1114 3688; x_wconf 88' lang='lat' dir='ltr'><strong>suorum</strong></span> <span class='ocrx_word' id='word_1_193' title='bbox 1131 3617 1358 3705; x_wconf 75' lang='lat' dir='ltr'><strong>predictorum.</strong></span> <span class='ocrx_word' id='word_1_194' title='bbox 1375 3617 1489 3681; x_wconf 87' lang='lat' dir='ltr'><strong>Datum</strong></span> <span class='ocrx_word' id='word_1_195' title='bbox 1500 3610 1526 3674; x_wconf 88' lang='lat' dir='ltr'><strong>in</strong></span> 
     </span>
     <span class='ocr_line' id='line_1_25' title="bbox 414 3723 1342 3815; baseline -0.004 -24"><span class='ocrx_word' id='word_1_196' title='bbox 414 3728 560 3813; x_wconf 79' lang='lat' dir='ltr'><strong>Fyzegtu</strong></span> <span class='ocrx_word' id='word_1_197' title='bbox 577 3728 690 3812; x_wconf 89' lang='lat' dir='ltr'><strong>quinto</strong></span> <span class='ocrx_word' id='word_1_198' title='bbox 706 3730 760 3797; x_wconf 88' lang='lat' dir='ltr'><strong>dio</strong></span> <span class='ocrx_word' id='word_1_199' title='bbox 776 3729 1012 3815; x_wconf 84' lang='lat' dir='ltr'><strong>quindenarum</strong></span> <span class='ocrx_word' id='word_1_200' title='bbox 1029 3726 1183 3814; x_wconf 78' lang='lat' dir='ltr'><strong>Epifanio</strong></span> <span class='ocrx_word' id='word_1_201' title='bbox 1198 3723 1342 3790; x_wconf 89' lang='lat' dir='ltr'><strong>Domini.</strong></span> 
     </span>
    </p>

    <p class='ocr_par' dir='ltr' id='par_1_5' title="bbox 415 3823 1526 4014">
     <span class='ocr_line' id='line_1_26' title="bbox 522 3823 1526 3924; baseline -0.014 -22"><span class='ocrx_word' id='word_1_202' title='bbox 522 3835 734 3904; x_wconf 85' lang='lat' dir='ltr'><strong>Kivulrol</strong></span> <span class='ocrx_word' id='word_1_203' title='bbox 757 3856 1021 3924; x_wconf 84' lang='lat' dir='ltr'><strong>ugyanazon</strong></span> <span class='ocrx_word' id='word_1_204' title='bbox 1046 3833 1145 3900; x_wconf 76' lang='lat' dir='ltr'><strong>keu:</strong></span> <span class='ocrx_word' id='word_1_205' title='bbox 1164 3832 1227 3900; x_wconf 90' lang='lat' dir='ltr'><strong>Pro</strong></span> <span class='ocrx_word' id='word_1_206' title='bbox 1245 3829 1391 3898; x_wconf 85' lang='lat' dir='ltr'><strong>Renoldo</strong></span> <span class='ocrx_word' id='word_1_207' title='bbox 1417 3823 1526 3908; x_wconf 81' lang='lat' dir='ltr'><strong>etalijs</strong></span> 
     </span>
     <span class='ocr_line' id='line_1_27' title="bbox 415 3944 894 4014; baseline 0 -3"><span class='ocrx_word' id='word_1_208' title='bbox 415 3954 528 4014; x_wconf 87' lang='lat' dir='ltr'><strong>contra</strong></span> <span class='ocrx_word' id='word_1_209' title='bbox 544 3945 648 4012; x_wconf 88' lang='lat' dir='ltr'><strong>Keled</strong></span> <span class='ocrx_word' id='word_1_210' title='bbox 664 3944 766 4011; x_wconf 86' lang='lat' dir='ltr'><strong>filium</strong></span> <span class='ocrx_word' id='word_1_211' title='bbox 781 3945 894 4012; x_wconf 84' lang='lat' dir='ltr'><strong>Keled.</strong></span> 
     </span>
    </p>
   </div>
   <div class='ocr_carea' id='block_1_5' title="bbox 415 4135 1522 4290">
    <p class='ocr_par' dir='ltr' id='par_1_6' title="bbox 415 4135 1522 4290">
     <span class='ocr_line' id='line_1_28' title="bbox 415 4135 1522 4206; baseline -0.013 -16"><span class='ocrx_word' id='word_1_212' title='bbox 415 4141 553 4204; x_wconf 78' lang='lat' dir='ltr'><strong>(Eredetio</strong></span> <span class='ocrx_word' id='word_1_213' title='bbox 583 4137 758 4206; x_wconf 70' lang='lat' dir='ltr'><strong>btirhirtytm</strong></span> <span class='ocrx_word' id='word_1_214' title='bbox 771 4141 897 4206; x_wconf 81' lang='lat' dir='ltr'><strong>melynek</strong></span> <span class='ocrx_word' id='word_1_215' title='bbox 915 4137 1069 4206; x_wconf 67' lang='lat' dir='ltr'><strong>rtrpoostte</strong></span> <span class='ocrx_word' id='word_1_216' title='bbox 1089 4136 1146 4189; x_wconf 69' lang='lat' dir='ltr'><strong>mir</strong></span> <span class='ocrx_word' id='word_1_217' title='bbox 1166 4135 1293 4188; x_wconf 86' lang='lat' dir='ltr'><strong>lehullott</strong></span> <span class='ocrx_word' id='word_1_218' title='bbox 1306 4155 1315 4198; x_wconf 65' lang='grc' dir='ltr'><strong>ς,</strong></span> <span class='ocrx_word' id='word_1_219' title='bbox 1340 4149 1357 4184; x_wconf 78' lang='lat' dir='ltr'><strong>a</strong></span> <span class='ocrx_word' id='word_1_220' title='bbox 1371 4147 1453 4182; x_wconf 83' lang='lat' dir='ltr'><strong>neme.</strong></span> <span class='ocrx_word' id='word_1_221' title='bbox 1476 4142 1522 4178; x_wconf 86' lang='lat' dir='ltr'><strong>nu·</strong></span> 
     </span>
     <span class='ocr_line' id='line_1_29' title="bbox 808 4225 1144 4290; baseline -0.003 -10"><span class='ocrx_word' id='word_1_222' title='bbox 808 4247 886 4281; x_wconf 80' lang='lat' dir='ltr'><strong>neum</strong></span> <span class='ocrx_word' id='word_1_223' title='bbox 899 4225 1144 4290; x_wconf 68' lang='lat' dir='ltr'><strong>keairattaraban.)</strong></span> 
     </span>
    </p>
   </div>
   <div class='ocr_carea' id='block_1_6' title="bbox 871 4497 983 4505">
    <p class='ocr_par' dir='ltr' id='par_1_7' title="bbox 871 4497 983 4505">
     <span class='ocr_line' id='line_1_30' title="bbox 871 4497 983 4505; baseline 0 -1"><span class='ocrx_word' id='word_1_224' title='bbox 871 4497 983 4505; x_wconf 70' lang='grc' dir='ltr'><strong>..ι-</strong></span> 
     </span>
    </p>
   </div>
   <div class='ocr_carea' id='block_1_7' title="bbox 0 0 1594 5202">
    <p class='ocr_par' dir='ltr' id='par_1_8' title="bbox 0 0 1594 5202">
     <span class='ocr_line' id='line_1_31' title="bbox 0 0 1594 5202; baseline 0 3"><span class='ocrx_word' id='word_1_225' title='bbox 0 0 1594 5202; x_wconf 95' lang='lat' dir='ltr'><strong> </strong></span> 
     </span>
    </p>
   </div>
  </div>
 </body>
</html>
