3132 5192
566 343 726 445 ‚rgo—-

59 537 238 608 bentibus
255 541 297 607 de
314 538 435 608 eisdem
450 559 508 625 per
534 541 644 606 omnia
669 540 852 626 liberalem
877 539 924 607 ita
955 537 1060 626 plene,
1078 532 1125 605 uti
1149 557 1210 606 nec

49 645 179 732 ijdem
198 649 316 716 (tomes
341 647 498 716 Emiricus
523 655 556 715 et
581 648 639 734 filij
658 649 779 715 (tharne
804 646 969 732 antedicti,
995 648 1046 713 uel
1071 645 1209 716 heredes

48 755 267 844 eorundem,
295 756 507 841 prescriptam
523 755 709 843 porcionem
735 756 831 823 modo
856 755 1014 842 premisso
1040 752 1206 820 venditam

47 862 334 946 retraetandiab
350 864 422 948 ipso
447 864 571 931 Comite
595 863 692 931 Petro
718 872 775 932 aut
799 864 876 948 filijs
896 863 1039 930 eiusdem
1065 883 1206 946 rnquam

49 974 136 1038 vllo
169 979 316 1057 tempore
346 971 489 1039 habeant
520 977 724 1056 potestatem.
756 974 796 1039 ln
827 973 919 1039 cuius
942 971 987 1038 rei
1020 969 1209 1036 memoriam

50 1079 258 1165 pleniorem
289 1097 425 1165 presens
456 1079 611 1164 scriptum
644 1079 834 1146 contulimus
850 1086 962 1145 nostro
992 1075 1100 1162 sigillo
1127 1097 1210 1142 com·

51 1188 258 1270 munitum
276 1206 362 1252 anno
386 1186 519 1253 Domini
534 1186 655 1254 illoc⁰
672 1188 884 1271 nonagesimo
900 1187 1018 1270 tercio;
1049 1186 1206 1268 Magistro

51 1295 238 1362 Michaele
255 1294 432 1380 Proposito,
464 1294 582 1362 Cosma
599 1293 748 1382 (lentore,
765 1295 876 1362 Blasio
892 1293 1046 1379 Custode,
1063 1293 1205 1380 Symone

52 1405 210 1471 Decano
227 1403 374 1470 Ecclesic
390 1408 499 1470 nostre
517 1403 744 1472 existentibus.

55 1601 215 1666 (Eradetie
229 1598 405 1668 bdrhtrlyim
420 1619 437 1654 a
451 1601 603 1655 verde-adid
624 1599 852 1668 selyemzsindron
875 1601 985 1668 fllggdtt
1009 1595 1101 1666 pessit
1127 1599 1206 1650 clre-

333 1696 402 1743 saett
415 1710 422 1757 ς
435 1707 452 1744 a
466 1693 548 1744 budai
562 1693 613 1744 lrir.
630 1694 752 1746 kamarai
765 1689 960 1759 lerdltdrban.)

539 1943 752 1956 μ*

618 2424 671 2495 88.

66 2621 119 2688 Az
137 2626 211 2711 cyri
225 2623 451 2709 lrciptalannuk
467 2623 744 2711 bizouyedqlevele,
761 2626 842 2709 hopy
860 2620 951 2688 Milo
971 2644 1067 2688 sorices
1078 2619 1207 2688 Eodre‘t

196 2736 229 2798 e's
246 2733 374 2798 llitoot
405 2733 495 2800 Beati
511 2734 683 2800 nemeecket
700 2734 813 2799 drdltbe
821 2731 974 2820 foqudtu.
993 2727 1089 2800 1293.

188 2925 370 3014 Capitulum
388 2929 534 2997 Ecclesia
559 2929 729 3015 Agricnsis
754 2929 973 3016 significamus
1000 2935 1111 2996 tenore
1138 2945 1206 3014 pre·

69 3037 223 3103 sensium
240 3037 356 3120 quibus
374 3037 505 3124 expedit
521 3039 701 3124 uniuersis3
718 3039 803 3125 quod
821 3039 936 3106 (lomes
954 3038 1035 3102 Mico
1053 3035 1136 3102 lilius
1153 3035 1207 3099 Ni·
1326 3065 1328 3074 ·

68 3143 163 3211 colai
179 3165 220 3211 er
236 3165 311 3228 vna,
328 3151 359 3210 et
376 3144 524 3212 Andreas
540 3146 646 3214 dictus
661 3147 743 3232 Bok,
763 3168 802 3215 uc
828 3147 950 3232 lllykou
975 3147 1059 3212 silius
1085 3145 1207 3209 Thome

70 3254 207 3320 nobiles
224 3253 265 3318 de
282 3253 359 3319 Bcel
377 3273 418 3320 ex
434 3255 547 3341 altera,
564 3275 669 3322 coram
695 3255 1018 3344 nobispersonalitcr
1034 3253 1210 3338 constituti,

72 3383 134 3448 per
153 3359 292 3426 eundem
310 3361 465 3428 Comitem
481 3361 565 3429 illico
581 3364 782 3450 propositum
799 3364 892 3430 nobis
909 3362 1017 3428 extitit
1033 3361 1209 3426 ministerio

72 3468 246 3534 riueuocis
264 3473 296 3532 et
312 3475 483 3557 assertum,
500 3469 584 3555 quod
600 3472 676 3555 quia
690 3473 752 3537 Dei
784 3471 995 3558 prouidcncia
1020 3476 1052 3534 et
1069 3468 1119 3535 sui
1145 3469 1209 3534 ‹lis-

72 3575 248 3658 posicione
264 3573 418 3642 heredum
444 3577 563 3644 solacio
588 3579 836 3645 masculinorum
861 3585 947 3646 esset
972 3578 1152 3664 destitutus,
1177 3585 1210 3643 et

72 3681 144 3748 suis
161 3682 286 3748 uiribus
303 3685 433 3750 omnino
450 3683 591 3770 sopitus:
609 3687 683 3752 ideo
700 3679 911 3754 considerans
929 3692 961 3752 et
986 3685 1124 3772 prouida
1150 3686 1209 3754 oir-

75 3789 325 3874 cumspeccione
342 3791 536 3878 deliberans,
553 3793 638 3877 quod
654 3792 754 3878 ijdem
780 3795 930 3861 Andreas
956 3801 989 3860 et
1013 3795 1119 3860 lllicou
1144 3793 1208 3859 sibi

75 3895 107 3961 in
126 3898 220 3962 linea
236 3899 554 3981 consanguineitatis
570 3901 744 3968 attinerent
759 3923 817 3989 pre
834 3903 958 3988 ceteris,
985 3910 1017 3970 et
1043 3903 1149 3969 eidem
1175 3901 1208 3964 in

15 4023 18 4102 ’ἱ
77 4005 146 4069 suis
163 4004 417 4073 necessitatibus
434 4009 634 4094 complacere
651 4009 862 4095 studuissent,
882 4016 914 4075 et
929 4011 961 4074 in
980 4007 1118 4073 futurum
1145 4015 1209 4074 stu-

77 4109 208 4196 derent5
226 4113 339 4179 rolens
356 4113 455 4198 igitur
470 4115 503 4180 in
521 4136 725 4184 successores
741 4119 940 4184 constituere
957 4123 989 4182 et
1004 4115 1087 4182 filios
1110 4113 1209 4201 adop·

77 4219 162 4287 tiuos
195 4239 444 4307 assumpmere,
470 4225 638 4292 uniuersas
665 4227 889 4312 possessiones
921 4246 997 4292 suas
1029 4223 1209 4309 empticias,

79 4327 203 4393 scilieet
220 4327 352 4412 Nempti
370 4335 402 4394 et
426 4329 573 4418 Wysnyo
600 4339 733 4399 vocatas
758 4331 792 4398 in
814 4331 974 4397 domitam
999 4331 1209 4398 Borsodicnsi

80 4437 254 4504 existentes
271 4435 412 4522 habitas,
430 4457 499 4503 com
519 4438 1210 4525 omnibusrtililatibussuisetpertinencijs

80 4543 289 4629 quibuslibet,
309 4565 348 4612 ac
366 4565 437 4611 curn
455 4547 685 4633 instrumentis,
702 4549 818 4631 quibus
834 4547 904 4634 ipsc
920 4549 982 4613 hoc
1007 4568 1106 4632 nsque
1137 4568 1210 4632 pos·

81 4651 218 4720 sedisset
235 4652 453 4734 ettenuisset,
486 4657 640 4738 predictis
656 4653 787 4721 Andrec
803 4657 889 4723 dicto
913 4655 1013 4742 Book,
1030 4663 1061 4721 et
1087 4656 1208 4743 llykon

122 4787 224 4825 norun.
241 4787 324 4824 nuuc.
340 4788 410 4826 urar.
429 4798 467 4808 -
485 4791 596 4828 orrcorr.
625 4785 661 4830 18.
1027 4770 1047 4832 9
