3132 5192
769 343 999 440 mc„

357 539 451 604 cione
467 535 660 602 audiuimus.
687 535 793 618 Super
819 535 934 617 quibus
964 537 1112 602 omnibus
1142 537 1289 620 grauiter
1320 531 1437 598 afflicti
1463 539 1492 596 et

356 643 546 730 perturbati,
563 643 606 708 ad
624 643 817 709 instanciam
835 649 867 709 et
883 662 996 727 preces
1012 643 1131 710 multas
1156 641 1300 710 omnium
1331 641 1491 723 suffraga-

356 770 488 819 neorum
506 757 699 836 nostrorum,
718 751 772 832 qni
788 757 957 834 presentes
973 752 1006 815 in
1024 750 1108 818 festo
1125 751 1237 816 Sancti
1253 749 1399 830 Domnij
1420 748 1492 812 exti-

355 865 480 941 terunt3
498 857 605 924 taliter
625 865 733 924 vestre
749 857 946 922 fraternitati
963 857 1141 944 scribimus,
1160 865 1191 924 et
1208 877 1266 942 per
1278 855 1347 921 boc
1358 837 1493 939 presens

354 969 509 1053 scriptum
525 971 673 1030 nostrum
689 963 823 1030 firmiter
838 971 869 1028 ct
886 963 1039 1030 destricte
1050 964 1245 1048 precipimus
1256 969 1291 1029 et
1304 961 1492 1046 precipien-

355 1076 397 1141 do
415 1071 619 1156 mandamus,
636 1079 795 1154 quatenns
807 1071 839 1138 in
856 1079 961 1158 antea,
974 1071 1031 1158 (si)
1042 1071 1187 1156 graciam
1204 1071 1300 1138 Beati
1313 1071 1451 1153 Domnij
1462 1079 1490 1135 et

355 1188 499 1248 nostram
516 1199 625 1245 caram
644 1179 781 1264 bebetis,
794 1186 825 1244 et
836 1179 912 1245 dicti
927 1180 1066 1265 Concilij
1084 1199 1201 1263 penam
1218 1179 1327 1246 vultis
1339 1179 1491 1263 effugere,

355 1287 546 1373 supradicta
562 1288 751 1352 nullatenus
768 1287 979 1372 attemptetis,
996 1295 1028 1354 et
1053 1288 1086 1350 in
1113 1286 1269 1371 predictis
1297 1286 1491 1352 nullatenus

356 1393 532 1464 excedatis.
549 1393 700 1476 Alioquin
717 1392 976 1476 indignacionem
995 1392 1089 1460 Beati
1108 1394 1238 1470 Domnij
1267 1403 1302 1460 et
1331 1399 1490 1474 nostram,

356 1523 396 1568 aa
411 1501 589 1586 supradicti
607 1500 740 1585 Concilij
758 1521 886 1585 penam,
902 1502 930 1566 si
947 1509 1059 1566 contra
1074 1499 1227 1584 feceritis,
1247 1500 1366 1585 procul
1394 1498 1488 1564 dubio

355 1609 535 1676 incurretis.
560 1609 646 1676 Data
662 1607 787 1693 Spoleti
805 1611 837 1673 in
855 1608 981 1692 palacio
997 1607 1278 1692 Arcbiepiecopali
1297 1606 1359 1672 die
1376 1605 1487 1671 Martis

354 1717 427 1786 xm
444 1716 542 1802 Madij
560 1715 644 1782 infra
659 1724 792 1784 octauas
808 1715 902 1783 Beati
918 1715 1083 1804 Dompnij,
1099 1717 1282 1784 indiccione
1299 1725 1414 1783 sexta.

586 1915 709 1980 (Lucius.
722 1915 852 1966 Memorio
865 1915 980 1966 storicbe
1001 1915 1044 1966 die
1057 1916 1132 1967 Tran
1149 1916 1200 1965 134
1223 1915 1252 1982 1.)

840 2197 1052 2214 Ἦ

905 2721 960 2789 80.

357 2923 503 2986 Demeter
519 2930 631 2984 mester·
646 2919 1150 3006 zolyomifdicpdoookjcle'otece
1161 2921 1225 2986 III.
1242 2921 1356 2984 Endre
1366 2917 1480 2999 kiru'ly·

356 3031 413 3092 boz
429 3051 465 3091 aa
490 3026 599 3090 corrulo
615 3027 683 3092 tb'bb
701 3029 772 3089 br've
788 3033 936 3092 aedrrrdro
953 3028 1042 3091 odott
1070 3027 1330 3113 Hebercbefolyo'
1358 3023 1479 3090 mallctti

609 3134 710 3197 birtok
727 3135 910 3220 adomo'oya
926 3134 1116 3220 tdrqyciboo.
1136 3135 1232 3200 1293.

462 3326 746 3396 Excellentissimo
764 3328 894 3394 domino
912 3349 970 3394 sno
986 3329 1116 3394 Andree
1128 3329 1189 3395 Dei
1205 3323 1474 3412 gracialilnsnn's·

355 3438 438 3504 simo
462 3435 543 3518 Regi
569 3433 736 3519 Hungarie
770 3437 925 3518 Magister
953 3439 1134 3504 Demetrius
1161 3437 1276 3502 Comes
1302 3435 1343 3500 de
1369 3433 1474 3498 Zolum

355 3543 463 3610 debito
479 3541 646 3610 fidelitatis
663 3545 855 3625 obsequium
872 3563 944 3608 cnm
964 3545 1093 3610 timore.
1110 3547 1253 3628 Recepto
1265 3543 1417 3608 mandato
1439 3544 1466 3601 et

355 3658 509 3734 precepto
523 3650 638 3716 Uestrc
655 3651 878 3736 celsitudinis,
898 3673 969 3718 cnm
989 3652 1145 3734 Magistro
1162 3653 1258 3716 Petro
1285 3653 1360 3717 aule
1377 3655 1474 3714 cestre

356 3757 473 3822 clerico
490 3756 652 3824 bominem
673 3767 816 3824 nostrum
834 3760 964 3826 nomine
990 3761 1185 3844 Prencylnm
1212 3780 1270 3843 pro
1297 3751 1471 3824 testimonio

356 3872 465 3928 nostro
482 3864 627 3931 misimus
653 3866 851 3948 fidodignum
873 3867 915 3932 ad
940 3867 1207 3934 reambnlandam
1234 3873 1355 3932 terram
1381 3859 1471 3944 Myko

355 3970 413 4054 filij
430 3971 569 4058 Radun,
596 3974 765 4040 Benedicti
792 3980 823 4040 et
848 3974 983 4040 sratrnm
1010 3995 1138 4040 enorum
1165 3974 1304 4040 filiorum
1331 3963 1467 4038 ntodacb,

357 4079 434 4146 item
451 4079 584 4164 Phylipi
608 4081 667 4162 filij
695 4080 827 4166 Tbome,
860 4091 892 4146 et
923 4082 1033 4146 fratris
1064 4081 1208 4147 eiusdem
1238 4081 1390 4164 NyeoIay
1420 4069 1469 4152 biij

354 4187 507 4270 Wolkan,
524 4195 556 4252 et
572 4188 678 4272 Bytcn
702 4207 742 4252 ac
757 4189 891 4255 fratrum
908 4209 1038 4256 suorum
1055 4189 1191 4254 filiorum
1208 4189 1334 4274 i'obye,
1360 4178 1468 4250 beredi-

354 4295 469 4360 tariam
486 4295 612 4361 scilicet
628 4295 769 4379 ipsorum
795 4295 880 4361 inter
906 4295 1023 4362 fluuios
1050 4298 1248 4380 Waranysta
1276 4304 1308 4360 et
1332 4287 1464 4359 Lococbc

354 4411 488 4469 uocatos
513 4403 726 4486 adiacentem,
756 4411 788 4469 et
813 4404 977 4486 quandam
1002 4403 1195 4488 particulam
1222 4409 1307 4468 terre
1339 4405 1466 4487 ipsornn

354 4510 448 4574 iuxta
473 4509 615 4574 riunlnm
641 4510 810 4576 Hebnrche
834 4511 1013 4595 existentis,
1040 4531 1135 4597 snper
1160 4531 1223 4592 qna
1248 4532 1308 4596 per
1333 4504 1463 4578 custodes

354 4615 509 4684 siluarum
527 4625 708 4684 nostrarum
725 4616 764 4684 de
781 4618 896 4685 Badun
912 4617 1011 4705 ijdem
1028 4619 1267 4704 impetebantur
1292 4639 1398 4686 coram
1419 4631 1463 4680 no·
