3146 5192
898 362 1048 480 ,iil-

409 569 578 652 dictorum,
594 571 783 656 qualitatem
800 579 833 640 et
858 573 1076 657 quantitatem
1092 573 1197 660 ipsius
1212 582 1319 660 terre,
1350 571 1498 638 maxime
1513 550 1544 639 si

408 679 522 748 eadem
540 690 625 746 terra
640 687 748 749 nostre
764 681 938 748 collacioni
961 683 1064 768 Regie
1096 681 1260 767 pertineat
1274 703 1336 750 nec
1350 701 1394 747 ne
1403 731 1415 767 ,
1449 677 1523 745 ncb'

408 787 548 855 fideliter
564 787 776 856 rescriberent
800 789 836 856 iu
852 809 963 856 eorum
978 789 1102 857 litteris
1112 789 1268 858 seriatim
1298 787 1393 866 Quod
1409 787 1492 873 quid

408 895 593 980 Capitulum
609 902 720 962 nostre
745 895 911 964 Maiestati
926 898 1094 984 rescripsit
1119 899 1152 964 in
1169 897 1255 964 hunc
1270 895 1422 964 modum:
1456 891 1544 977 quod

407 1003 573 1089 predictus
589 1005 721 1091 Perlym
747 1005 842 1072 home
867 1012 979 1072 noster
1004 1014 1156 1094 presente
1180 1006 1368 1074 testimonio
1394 1004 1540 1090 ipsorum

407 1111 598 1179 accessisset
613 1131 712 1197 super
727 1111 873 1198 predicte
892 1120 980 1180 terre
1011 1113 1127 1180 taciem
1153 1113 1287 1200 llatbcy
1310 1112 1494 1199 antedicti,
1510 1117 1552 1183 et.

408 1221 512 1304 ipsam
529 1219 679 1286 sciuisset
695 1225 729 1286 et
744 1220 926 1288 inuenisset
942 1227 1052 1288 nostre
1068 1221 1238 1288 collacioni
1258 1221 1488 1307 pertinentem,
1503 1235 1541 1285 ee

408 1327 494 1410 quod
510 1326 615 1394 dietus
631 1327 779 1395 Matheus
796 1327 973 1396 decesserit
987 1327 1124 1397 liliorum
1155 1329 1278 1397 solacio
1295 1328 1492 1410 destitutus3
1509 1331 1542 1392 et

409 1434 597 1502 conuocatis
605 1436 844 1504 'commetaneis
860 1445 891 1503 et
907 1437 1024 1506 uicinis
1040 1439 1144 1525 ipsius
1160 1445 1268 1522 terre,
1296 1435 1453 1504 uidelicet
1468 1432 1543 1499 Per·

413 1541 503 1630 luph,
520 1542 656 1610 Nicolao
673 1543 739 1610 filio
755 1542 890 1630 Philipi,
905 1545 1154 1631 Bartholomeo,
1178 1545 1337 1633 Nicolao,
1360 1551 1394 1610 et
1409 1540 1540 1628 prefato

407 1648 526 1715 Perlim
546 1649 588 1717 de
598 1651 735 1737 Muslan,
747 1671 787 1718 ac
802 1653 877 1737 alijs
893 1653 1040 1736 cognatis
1057 1672 1187 1739 eorum,
1204 1653 1342 1720 eandem
1357 1659 1480 1718 terram
1496 1647 1538 1712 ud

409 1779 500 1825 usum
517 1759 613 1826 trium
630 1765 829 1846 aratrorum,
855 1761 940 1828 sieut
957 1763 1028 1828 uisu
1045 1763 1256 1829 considerare
1272 1765 1456 1846 potuerunt,
1474 1755 1537 1823 sni·

408 1866 579 1952 linientem,
597 1867 628 1934 in
642 1867 791 1950 antiquis
814 1867 908 1934 metis
925 1874 958 1935 ei
973 1871 1138 1957 terminis,
1165 1869 1329 1936 antedicto
1346 1865 1463 1935 comiti
1479 1865 1534 1948 Sy-

410 1976 495 2042 meni
512 1975 689 2059 statuisset,
706 1977 797 2042 nullo
812 1977 942 2061 penitus
959 1977 1196 2044 contradictore
1213 1977 1378 2044 existente.
1405 1975 1474 2039 lloe
1490 1978 1533 2035 ta·

409 2103 483 2148 men
500 2082 678 2169 declarato,
696 2083 918 2166 quoddedote
934 2087 1045 2154 uxoris
1069 2087 1147 2152 dicti
1166 2084 1307 2171 blathcy,
1324 2091 1356 2149 et
1370 2079 1412 2149 de
1421 2085 1545 2164 quarta·

408 2189 505 2254 trium
521 2188 659 2254 filiarum
678 2189 820 2256 eiusdem
830 2241 840 2276 ,
858 2191 929 2274 ipse
954 2193 1070 2258 Comes
1094 2191 1215 2278 Symon
1240 2189 1471 2274 assumpsisset
1486 2207 1531 2253 aa·

408 2295 569 2380 balneare,
585 2295 668 2364 sieut
683 2297 860 2382 requireret
876 2301 955 2366 ordo
965 2299 1064 2383 juris.
1081 2301 1149 2367 Nos
1165 2301 1275 2383 itaque
1290 2294 1546 2365 considerantes

406 2405 581 2473 fidelitates
598 2405 742 2473 eiusdem
768 2405 903 2473 Comitis
928 2407 1098 2492 Symonis,
1130 2428 1192 2493 que
1216 2415 1327 2474 nostre
1342 2401 1526 2471 Celsitudini

410 2491 482 2580 curn
499 2515 586 2580 omni
603 2511 760 2580 fidelitate
777 2514 926 2582 exhibuit
937 2523 968 2583 et
978 2515 1127 2602 inpendit
1142 2523 1177 2584 rt
1192 2515 1328 2583 fideliter
1342 2516 1390 2581 sie
1405 2512 1525 2596 deuote

408 2621 567 2706 prosatum
584 2629 704 2689 terram
721 2623 855 2710 Mathey
870 2623 942 2691 sine
958 2625 1078 2692 herede
1102 2625 1308 2712 decedentis,
1335 2621 1460 2689 lliuslan
1475 2637 1523 2682 uo-

408 2736 524 2815 catam,
538 2732 610 2814 vsni
621 2730 716 2796 trium
734 2736 913 2798 aratrorum
930 2731 1158 2818 sufficientem,
1168 2753 1238 2798 eum
1255 2731 1324 2798 suis
1342 2724 1524 2796 utilitatibus

411 2845 443 2904 et
466 2835 676 2922 pertinencijs
701 2837 865 2905 uniuersis
874 2891 885 2926 ,
918 2837 1005 2905 dieto
1022 2839 1139 2906 Comiti
1158 2837 1306 2924 Symoui,
1338 2842 1373 2902 ct
1386 2854 1441 2920 per
1454 2851 1521 2897 eum

408 2945 485 3028 filijs
501 2945 568 3012 suia
594 2942 762 3029 dedimus,
794 2945 986 3012 donarrimus
1013 2955 1045 3013 et
1070 2946 1264 3014 contulimus
1294 2945 1364 3010 iure
1379 2946 1521 3029 perpetuo

408 3050 652 3138 possidendam,
679 3052 852 3119 tenendam
878 3059 912 3120 et
926 3055 1128 3140 habendam3
1161 3061 1194 3120 et
1211 3073 1282 3119 cum
1300 3058 1463 3137 presentes
1475 3065 1520 3112 re·

406 3167 534 3246 portate
549 3159 688 3245 fuerint,
720 3181 817 3247 super
835 3160 896 3228 hoe
919 3168 1066 3228 nostrum
1080 3161 1288 3248 priuilegium
1320 3156 1520 3225 concedemus

406 3267 521 3335 0οωίῐί
538 3266 671 3354 Symoni
687 3276 873 3335 memorato.
890 3269 1010 3336 Datum
1020 3269 1112 3337 Bude
1129 3270 1162 3336 in
1179 3267 1323 3336 crastino
1342 3261 1519 3334 iestiuitatis

407 3376 484 3462 diey
500 3374 652 3442 Omnium
668 3376 962 3448 Sanctorumaunc
979 3377 1108 3445 Domini
1121 3377 1294 3445 millesimo
1310 3368 1518 3443 ducentesimo
1538 3377 1544 3387 ·

408 3483 620 3567 nonagesimo
637 3503 721 3550 nono
738 3483 767 3570 (l
780 3481 920 3572 octavo).

513 3591 582 3658 Nos
623 3592 734 3675 itaque
768 3593 862 3660 iustis
888 3599 921 3659 et
961 3593 1116 3677 legitimis
1150 3589 1367 3680 peticionibus
1399 3581 1516 3678 (palati

406 3697 553 3784 Comi)tis
594 3699 744 3785 Symonis
784 3699 1006 3767 fauorabililer
1055 3701 1223 3788 inclinati,
1254 3701 1418 3788 predictas
1469 3695 1513 3760 lit·

405 3815 492 3873 teras
508 3805 650 3893 (nostras
676 3807 840 3897 patentes)
872 3829 936 3874 non
953 3809 1109 3898 abrasus,
1141 3831 1205 3877 non
1235 3809 1444 3888 cancellatas,
1465 3821 1515 3868 nce

404 3914 438 3980 in
453 3914 563 3998 aliqua
577 3916 627 3982 sui
644 3924 737 4002 parte
753 3917 892 3984 uiciatas
910 3917 949 3984 de
967 3919 1064 3986 uerbo
1081 3918 1125 3984 ad
1141 3921 1273 3987 uerbum
1291 3913 1512 4005 (presen)tibus

404 4022 553 4108 insertas,
570 4029 661 4092 ratas
681 4023 838 4092 habentes
870 4033 903 4092 et
932 4031 1085 4111 acceptas
1110 4027 1301 4093 auctoritate
1327 4021 1511 4111 presencium
1545 4096 1549 4107 ι

404 4131 555 4200 duximus
571 4133 821 4202 confirmandus.
839 4136 875 4201 Iu
894 4136 986 4201 cuius
1003 4135 1048 4202 rei
1069 4135 1259 4202 memoriam
1276 4141 1510 4221 perpetuamque

402 4238 585 4306 firmitatem
618 4247 785 4326 presentes
816 4241 1035 4309 concessimus
1076 4244 1202 4309 litteras
1233 4242 1394 4330 dupplicis
1424 4233 1509 4321 sigilli

403 4346 502 4412 nostri
521 4347 698 4414 munimine
714 4347 893 4414 roboratas.
910 4349 1031 4414 Datum
1048 4369 1105 4435 per
1123 4370 1239 4417 manus
1256 4346 1448 4416 venerabilis
1463 4361 1508 4428 pa-

403 4453 462 4518 tris
479 4451 589 4520 fratris
605 4455 759 4539 Antlronij
777 4453 817 4521 do
833 4454 1124 4522 Ordinellinoruur
1139 4457 1215 4543 (Dei
1232 4456 1357 4540 gracia)
1374 4447 1506 4540 Episcopi

404 4557 641 4628 Obanadiensis
657 4561 731 4628 aule
747 4571 855 4628 nostre
870 4563 1156 4651 viee-Cancellarij
1175 4565 1286 4632 dilecti
1304 4571 1337 4629 el
1352 4563 1451 4630 tidelis
1464 4575 1506 4624 nu·
