3180 5202
785 356 941 455 -436—

295 562 367 610 mus
383 543 636 612 rescribendum.
655 547 776 614 Datum
792 550 937 616 secunda
954 551 1036 618 saria
1065 560 1141 637 post
1156 554 1275 622 festum
1305 557 1431 625 lucen.

295 649 396 716 sionis
413 651 554 720 Domini.

403 759 555 825 Kirul:
571 759 711 828 Domino
726 763 810 847 Regi
827 764 872 830 ad
888 766 1086 850 quindenam
1117 770 1304 837 residcncie
1335 793 1419 838 exer·
1553 811 1562 818 -

296 863 383 1034 cituls³
395 886 452 1036 pro
468 866 627 951 Magistro
643 867 804 938 conrardo
821 879 937 940 uonna
951 873 1123 943 Nicolaum
1149 876 1251 944 lilium
1283 879 1420 946 Lauren-

296 970 337 1056 cij
382 973 508 1042 catini.

293 1167 431 1231 (Eredetie
444 1169 618 1236 bdrhdrtydm
633 1173 753 1224 tivulrcl
762 1175 814 1226 oda
826 1183 951 1241 uyomott
964 1175 1153 1246 uirpaesdttcl,
1166 1195 1183 1230 a
1204 1197 1240 1230 m.
1271 1182 1298 1232 b.
1323 1181 1414 1248 Rivay

709 1261 801 1314 esalrld
815 1263 1024 1334 lerdltlrlban.)

752 1529 963 1540 ...nu—..-

821 1794 899 1861 ⁶297.

294 1993 326 2055 A
346 1995 479 2058 ocacciri
493 1991 718 2078 kdptalonrtok
734 1991 1019 2078 bizonysdpleoele,
1034 1999 1117 2083 dopy
1143 1997 1231 2064 Getes·
1247 1998 1359 2063 latoria
1374 2020 1418 2063 eo·

294 2119 356 2162 mec
372 2101 471 2164 Koara
489 2097 669 2184 helysdpben
684 2099 751 2164 leod
766 2098 907 2164 &notuit
923 2100 1006 2164 Imre
1022 2103 1198 2172 mesternele
1223 2104 1343 2172 eladtu.
1368 2084 1417 2170 Ma

791 2205 910 2272 nollit.

601 2363 629 2427 A
844 2365 871 2430 B
1088 2365 1113 2431 C

400 2523 468 2590 Nos
482 2525 640 2609 Magister
655 2525 696 2589 N.
713 2524 904 2610 Propositus
920 2531 953 2591 et
963 2523 1149 2611 Capitulum
1158 2527 1309 2595 Ecclesie
1324 2529 1421 2596 Sanc·

290 2631 314 2698 ti
330 2631 499 2700 Michaelis
515 2631 557 2698 de
573 2630 687 2700 Castro
703 2634 822 2699 Ferreu
841 2639 954 2698 notum
980 2631 1119 2701 iacimus
1149 2641 1259 2702 tenore
1290 2655 1419 2721 prasen-

293 2740 378 2806 cium
393 2739 562 2822 vniucrsis,
579 2737 665 2822 quod
679 2736 866 2822 Stephanus
882 2737 998 2808 Comes
1014 2737 1100 2808 tilius
1125 2742 1274 2824 Magistri
1306 2741 1418 2810 Jaccbi

292 2843 334 2911 de
351 2845 431 2912 Gelc
447 2865 556 2914 corum
571 2844 665 2912 uobis
681 2843 887 2932 constitutus,
908 2845 1073 2930 quandam
1104 2847 1301 2933 particulam
1334 2855 1417 2915 terre

290 2951 324 3016 in
339 2953 436 3020 Kaan
452 2955 653 3037 existentem,
668 2967 767 3032 quam
782 2949 931 3018 dominus
947 2951 1105 3045 Nicolaus
1119 2953 1286 3020 Palatinus
1303 2955 1418 3022 aJuan

289 3061 354 3126 lilio
372 3059 497 3128 luaulra
512 3059 598 3126 iusto
614 3057 792 3142 empcionis
818 3057 913 3124 titulo
942 3059 1051 3143 precio
1082 3065 1300 3146 compararet,
1329 3061 1418 3128 adis·

289 3175 414 3233 centem
430 3167 515 3233 inter
531 3167 636 3232 riuum
653 3165 782 3248 Churgo
798 3171 949 3231 uocatum
965 3173 998 3232 et
1013 3167 1098 3234 irrter
1123 3174 1242 3234 terram
1269 3168 1416 3235 eiusdem

287 3275 384 3360 Juan,
400 3293 458 3360 per
472 3281 579 3340 certas
595 3279 698 3340 metas
714 3280 902 3358 separatam
918 3293 957 3340 ac
973 3271 1174 3361 distinctam,
1190 3294 1252 3358 que
1267 3274 1333 3360 ipsi
1349 3275 1418 3340 Ste-

290 3383 398 3465 phano
413 3401 472 3466 per
488 3381 625 3448 eundem
641 3380 805 3448 dominum
820 3379 991 3448 Nicolaum
1007 3381 1192 3448 Palatinum
1209 3384 1329 3448 collata
1345 3383 1415 3468 luit,

287 3493 400 3572 vigore
415 3488 596 3556 litterarum
612 3506 742 3556 suarum
758 3487 955 3575 putendum,
971 3489 1055 3556 sicut
1069 3489 1164 3556 nobis
1195 3508 1253 3574 per
1284 3490 1414 3558 easdem

290 3597 398 3682 patuit
414 3596 592 3682 euidenter,
608 3594 754 3664 vendidit
770 3595 928 3680 Magistro
944 3595 1091 3663 Emerico
1107 3617 1166 3683 pro
1180 3602 1321 3680 quatuor
1336 3617 1416 3662 mar·

287 3704 345 3789 cis,
357 3703 432 3789 jure
447 3709 603 3791 perpetuo
628 3703 764 3789 pacifice
794 3708 827 3767 et
858 3703 968 3784 quiete
999 3701 1231 3788 possidendam
1261 3705 1415 3772 heredum

288 3831 348 3898 per
363 3811 508 3882 heredes,
525 3809 618 3888 Quod
634 3815 669 3878 ut
698 3818 805 3877 ratum
835 3809 888 3898 sit,
913 3822 1047 3897 presens
1077 3811 1231 3897 scriptum
1264 3812 1415 3899 oon(tuli·

287 3915 373 4006 mus)
392 3925 503 3986 nostro
534 3917 643 4001 sigillo
675 3917 924 4002 communitum3
957 3937 1044 3986 anno
1075 3919 1207 3985 Domini
1237 3917 1412 3986 millesimo

286 4025 352 4093 OC'
365 4026 577 4110 nonagesimo
595 4023 716 4108 quinto.
731 4023 888 4108 Magistro
914 4025 1053 4092 Nicolao
1085 4025 1264 4113 Preposlto,
1297 4025 1415 4096 Cosma

285 4133 437 4218 Custode,
453 4133 585 4201 Simone
600 4133 747 4216 Decano,
765 4129 900 4198 Nicolao
926 4132 1108 4200 Presbitero
1134 4131 1282 4200 Ecclesia
1305 4139 1414 4200 nostre

287 4241 509 4310 eristcntibus.

284 4439 426 4504 (Eradetia
440 4435 617 4501 borlnlrtyrln,
631 4435 745 4502 melyrtil
758 4436 935 4502 bdrasincgen
956 4452 974 4488 a
985 4435 1079 4503 pacsdt
1091 4437 1221 4504 itiggdtt,
1245 4439 1280 4488 dc
1301 4433 1360 4488 mlr
1371 4435 1408 4490 le·

524 4525 640 4588 millott,
655 4541 767 4578 anema.
781 4541 906 4578 muaeurn
919 4524 1159 4590 lenirettdrlban.)
