3234 5194
368 1181 417 1250 Aa
432 1189 502 1274 eps-i
517 1186 742 1273 kriptalcuoalc
758 1185 1031 1277 bizcnysdpleode,
1050 1191 1133 1276 kopp
1150 1191 1302 1254 Hemddi
1312 1187 1495 1252 Karchaoir

360 1291 428 1372 fici
444 1293 476 1357 ἐι
496 1289 623 1359 Botett
639 1291 756 1378 Diues,
774 1293 893 1363 Balatro
915 1296 1021 1363 Deme
1036 1299 1197 1384 aipistaule
1221 1297 1408 1382 mepiiletdse
1433 1297 1491 1355 trir-

561 1399 693 1488 9pu‘bart
707 1398 941 1489 tarcrsdpoeau
956 1404 1170 1492 epyealredtelr.
1188 1400 1284 1468 1291.

630 1579 660 1644 A
918 1581 945 1646 B
1206 1579 1232 1645 C

474 1735 632 1806 Omnibus
649 1737 766 1806 Christi
783 1737 933 1808 fidelibus
948 1747 1014 1808 tam
1031 1739 1239 1826 presentibus
1257 1755 1357 1822 quam
1373 1733 1488 1801 futuris

368 1863 502 1931 presens
532 1847 685 1932 scriptum
712 1846 908 1934 inspeeturis
934 1848 1118 1934 Capitulum
1143 1847 1290 1915 Ecclesia
1316 1842 1486 1928 Agriensis

365 1949 503 2019 salutem
521 1950 555 2018 in
571 1953 712 2020 omnium
723 1954 896 2022 aduente.
911 1952 963 2021 Ad
975 1959 1198 2024 uniuersorum
1209 1951 1366 2020 noticiam
1382 1955 1489 2013 tenore

365 2057 566 2142 presencium
583 2059 728 2127 uolumus
744 2059 923 2146 peruenire,
938 2060 1024 2145 quod
1040 2059 1191 2144 thebaei,
1208 2059 1356 2145 Symoun
1376 2061 1410 2122 et
1435 2051 1486 2120 ili·

365 2163 434 2230 iaus
449 2161 507 2248 tilij
523 2163 635 2230 Kurch
651 2163 692 2232 de
708 2164 800 2232 iuxta
815 2165 947 2233 Hernad
964 2187 1004 2232 ex
1020 2185 1085 2232 una
1100 2171 1203 2252 parte,
1221 2163 1263 2230 ab
1278 2163 1388 2228 altera
1412 2175 1487 2224 uero

363 2267 541 2355 Dyonisius
557 2269 642 2337 filius
670 2271 775 2356 Blasij
803 2271 843 2338 de
868 2271 983 2339 Buhch
1008 2292 1115 2342 coram
1148 2271 1241 2338 nohis
1272 2264 1487 2354 personaliter

364 2375 531 2444 constituti
547 2375 714 2446 dixerunt:
731 2380 817 2463 quod
835 2381 868 2446 in
884 2379 1002 2463 causis,
1020 2401 1082 2464 que
1109 2381 1238 2448 racione
1265 2379 1380 2444 mortis
1409 2369 1482 2438 dicti

364 2481 466 2568 Blasii
483 2483 586 2569 patris
603 2485 706 2570 ipsius
721 2485 873 2572 Dyonisij
891 2507 948 2574 per
964 2488 1052 2572 ipsos
1067 2486 1150 2555 filios
1175 2482 1284 2552 Kurch
1310 2481 1485 2552 casualiter

362 2589 546 2676 interempti
571 2593 754 2660 vertebatur
780 2592 866 2681 (lgy)
892 2595 975 2662 inter
1002 2599 1129 2680 partes;
1162 2592 1384 2660 mediantibus
1410 2582 1483 2651 uiris

362 2697 500 2784 ydoneis
517 2699 625 2766 taliter
641 2702 908 2770 concordassent:
927 2701 1018 2779 Quod
1035 2701 1134 2785 ijdem
1151 2699 1211 2784 filij
1229 2699 1338 2766 Kurch
1355 2695 1483 2763 racione

362 2803 449 2871 dicte
465 2805 586 2891 mortis,
602 2807 765 2890 quandam
783 2815 901 2875 terram
919 2829 1028 2875 eorum
1045 2809 1165 2892 Petury
1177 2807 1380 2872 nominatam
1397 2802 1481 2866 iuxta

363 2919 481 2979 terram
498 2913 642 2981 eiusdem
658 2917 820 3002 Dyonisij‚
837 2925 870 2984 ot
885 2925 1004 2984 terram
1019 2914 1160 2982 Peteuoh
1175 2913 1235 2999 filij
1261 2911 1347 2978 Petri
1377 2911 1482 2990 bleger

362 3027 513 3088 uocatam
529 3019 561 3086 in
577 3023 741 3090 Comitatu
758 3022 798 3090 dc
824 3023 960 3110 Zemlyn
986 3023 1071 3090 circa
1101 3022 1232 3088 fluuium
1259 3013 1394 3086 Hernatl
1419 3011 1479 3080 exl-

361 3131 509 3214 stentem,
527 3149 587 3195 cun
606 3129 753 3196 omnibus
771 3129 967 3198 utilitatibus
994 3139 1027 3197 et
1052 3125 1264 3216 pertinenciJs
1289 3125 1355 3192 suis
1382 3119 1481 3188 dedis·

361 3239 434 3299 sent
449 3241 480 3299 et
497 3233 717 3322 tradidissent,
735 3244 767 3302 et
783 3257 890 3306 coram
916 3239 1012 3306 nobis
1038 3236 1241 3304 tradiderunt
1266 3233 1371 3300 eidem
1398 3231 1478 3312 hyo-

361 3339 452 3427 nisio,
469 3347 500 3408 et
516 3363 572 3427 per
590 3365 661 3410 eum
673 3345 740 3413 suis
752 3345 924 3414 heredibus
935 3345 1156 3427 heredumque
1171 3362 1302 3410 suornm
1318 3353 1475 3406 successo·

360 3448 448 3515 ribus
464 3447 533 3516 inre
550 3461 704 3535 perpetuo
721 3461 753 3518 et
771 3451 1026 3520 irrcuocahiliter
1043 3449 1177 3537 pacifice
1204 3445 1432 3534 possidendam
1449 3445 1477 3510 ei

359 3553 543 3621 habendum
561 3581 567 3639 5
587 3581 602 3623 o
620 3579 773 3627 conuerso
790 3560 999 3627 autemidem
1026 3560 1214 3644 Dyouisyus
1243 3555 1374 3623 eosdem
1399 3549 1476 3617 filios
1579 3585 1581 3630 p

358 3659 468 3728 Kuroh
484 3683 522 3728 ac
538 3663 674 3730 heredes
690 3666 865 3733 eorundem
882 3667 1012 3733 racione
1029 3667 1188 3752 prephato
1207 3663 1316 3730 mortis
1342 3655 1474 3725 dimisis·
1580 3721 1581 3726 ,

358 3775 408 3834 set
425 3775 457 3832 et
472 3789 579 3838 coram
596 3770 691 3838 nobis
708 3771 832 3848 dimisit
847 3795 905 3860 pcr
921 3773 1029 3841 omnia
1045 3771 1224 3859 expeditos.
1241 3771 1284 3836 nr
1300 3767 1471 3854 prephatus
1579 3847 1580 3854 ἵ

357 3873 497 3944 Petouch
522 3895 631 3944 coram
648 3879 742 3946 uobis
758 3881 975 3965 personaliter
991 3881 1182 3948 constitutus
1209 3877 1283 3945 huie
1310 3864 1474 3941 traditioni

357 3982 486 4070 pienum
503 4005 691 4053 eonsensum
704 3987 831 4073 prebuit
841 3995 872 4054 et
884 3989 1200 4072 assensumlnsuper
1210 3984 1432 4070 obligauerunt
1440 3993 1472 4044 se

357 4091 442 4159 dicte
458 4101 567 4178 partes
582 4103 615 4161 et
630 4094 764 4162 heredes
779 4115 856 4162 auos
874 4095 1002 4164 racione
1013 4095 1154 4162 omnium
1165 4093 1394 4179 premissorum
1410 4099 1473 4152 sese
1578 4169 1579 4180 ἵ

356 4207 465 4267 mutuo
483 4207 513 4267 et
525 4201 661 4269 heredes
674 4223 781 4268 eorum
793 4202 960 4270 uniuersos
972 4205 1013 4268 ab
1024 4201 1171 4268 omnibns
1185 4201 1340 4286 impetere
1351 4191 1471 4263 nitenti·
1577 4217 1579 4244 u

356 4307 415 4372 bus
425 4307 598 4376 defendere
615 4315 647 4376 et
656 4308 809 4394 expedire
820 4310 961 4394 propriis
977 4309 1143 4376 laboribus
1153 4315 1187 4374 et
1202 4306 1362 4393 expensis.
1374 4305 1411 4367 In
1426 4319 1470 4364 cu·
1577 4317 1578 4326 ¹

354 4413 403 4479 ius
428 4435 485 4499 rey
509 4416 728 4482 testimouium
753 4417 797 4482 ad
808 4417 1001 4484 instanciam
1016 4417 1159 4504 parcium
1171 4422 1336 4500 presentes
1349 4410 1471 4484 contuli-

353 4539 425 4588 mus
434 4521 536 4605 sigilii
545 4522 646 4588 nostri
655 4523 833 4590 munimine
842 4523 1226 4595 roboratasPresentibus
1234 4525 1471 4612 tamenStepha·
1576 4515 1577 4570 ἶ

353 4645 412 4694 nos
427 4627 868 4724 Preposito,SauloLeotore,
880 4632 1003 4722 Mykou
1013 4633 1162 4719 custode,
1174 4632 1312 4702 Martino
1322 4631 1469 4718 Magistro
