3132 5192
863 333 1024 442 „Ae-

379 529 519 602 beredes
534 531 710 602 eorundem
726 533 886 604 tenebitur
901 535 969 603 suis
986 531 1130 622 proprijs
1144 535 1316 603 laboribus
1332 537 1366 600 et
1390 547 1494 617 expen-

381 641 435 709 sis
451 640 490 706 In
507 641 597 708 cuius
612 642 660 708 rei
686 642 875 710 memorium
899 649 1155 729 perpetuamque
1179 642 1369 710 firmitatem
1393 637 1434 706 sd
1455 638 1495 705 in-

382 747 542 814 stanciam
559 755 591 814 et
616 749 806 834 peticionem
832 748 976 817 eiusdem
1001 749 1123 816 domini
1150 750 1299 817 Lectoris
1325 747 1497 813 memoretis

384 853 515 924 domino
529 857 698 942 Prepesito
716 865 747 922 et
765 857 919 924 iratribus
937 857 1082 925 eiusdem
1100 866 1266 944 presentes
1295 853 1499 923 concessimus

383 961 511 1029 litteras
528 963 630 1047 sigilii
646 965 748 1031 nostri
765 965 940 1030 munimine
955 966 1135 1032 roboratos.
1163 967 1287 1031 Datum
1315 983 1377 1050 per
1400 981 1501 1030 munus

386 1069 531 1136 eiusdem
555 1067 676 1133 domini
701 1071 849 1136 Leet‘oris
874 1090 962 1136 anno
986 1071 1117 1136 Domini
1149 1069 1273 1136 Mic·
1304 1069 1501 1152 nonagesimo

386 1184 512 1260 quarto.
525 1175 681 1255 Magistro
698 1175 855 1260 Gregorio
866 1176 1018 1260 Custode,
1029 1176 1179 1243 Jobonnc
1190 1178 1341 1259 Decumo,
1352 1174 1502 1260 Stephano

387 1289 420 1350 ct
435 1283 558 1352 Jacobo
568 1279 752 1365 Magistris3
778 1282 934 1368 myoniae,
947 1283 1085 1351 Lueasio
1095 1290 1128 1350 et
1144 1283 1279 1350 Andrea
1289 1279 1504 1349 sacerdotibus

388 1397 421 1455 et
435 1389 552 1456 setosis
568 1388 742 1454 Carrouieis
752 1389 977 1459 existentibus.

389 1585 530 1649 (Eredetie
539 1579 795 1649 bbrbbrtybnabzss
808 1589 883 1636 szinti
896 1586 1127 1652 selpemzsinbron
1142 1588 1226 1653 fiiggb'
1237 1585 1335 1654 pecset
1346 1585 1416 1636 eluit
1426 1603 1432 1651 ;
1441 1601 1456 1636 s
1466 1585 1506 1636 bu·

666 1671 712 1722 uisi
726 1675 768 1724 hir
782 1673 904 1724 ksmsroi
917 1673 1098 1725 leveitrirbnn.
1111 1675 1246 1742 Gysuus)

848 1959 1060 1972 ”no-onua-

923 2493 1000 2568 tob.

396 2699 444 2766 Az
460 2699 527 2785 epre'
551 2697 774 2784 Irdptcloonek
799 2697 1085 2784 bizooysetpleeele,
1110 2699 1193 2786 bopy
1216 2699 1345 2785 Bolcqs‘
1377 2693 1511 2762 nemete

397 2807 568 2871 Batketbnn
585 2808 651 2871 Ic'vb'
667 2805 807 2870 birtokeit
823 2805 891 2870 teob
914 2806 1143 2872 serviens-enee
1165 2804 1510 2893 adomcinyozto.129t.

504 2999 663 3068 Omnibus
681 2999 801 3068 Christi
817 2999 967 3068 fidelibus
984 3009 1050 3068 tum
1075 3001 1281 3088 presentibus
1297 3021 1398 3087 quam
1413 2996 1511 3068 suturis

397 3128 530 3198 presens
561 3109 716 3196 seriptum
743 3108 935 3196 inspecturis
967 3108 1036 3196 Cup
1061 3145 1106 3157 -
1125 3148 1164 3158 -
1182 3145 1227 3160 -
1245 3145 1286 3158 -
1304 3145 1350 3158 -
1368 3145 1405 3156 -
1426 3142 1461 3153 -
1477 3137 1512 3153 -

399 3252 739 3266 ------
755 3215 789 3282 in
806 3216 947 3282 omnium
972 3217 1150 3283 salinatore.
1166 3215 1453 3284 numerosorum
1467 3232 1512 3280 no·

398 3325 509 3391 ticism
526 3329 637 3390 tenore
654 3323 853 3411 presencium
872 3322 1019 3392 volumus
1036 3324 1224 3410 peruenire;
1242 3324 1329 3408 quod
1346 3315 1512 3390 'l'umboldo

400 3431 466 3498 filio
480 3430 652 3499 'l'nmboldi
670 3431 710 3499 de
727 3429 832 3514 Bolug
847 3449 887 3496 ex
903 3449 966 3498 sne
982 3438 1096 3517 parte5
1122 3431 1165 3498 ob
1185 3459 1510 3482 ------

401 3573 890 3588 --------
915 3539 1078 3606 serviente
1104 3537 1250 3607 eiusdem
1266 3557 1326 3624 pro
1349 3559 1396 3626 se,
1413 3543 1443 3604 et
1464 3551 1512 3618 pro

400 3647 473 3732 ipso
489 3651 580 3731 patre
596 3665 665 3734 suo,
681 3665 788 3731 eepro
800 3646 904 3730 Petro,
916 3644 1057 3734 Andros,
1069 3652 1103 3714 et
1113 3645 1255 3732 Symone
1272 3645 1428 3712 frutribus
1438 3641 1513 3722 suis;

400 3751 477 3820 item
494 3772 553 3840 pro
568 3753 716 3821 Johenne
731 3751 799 3819 filio
815 3749 951 3839 predicti
979 3753 1063 3821 Petri
1091 3752 1202 3821 fratris
1227 3755 1277 3820 sni
1303 3789 1349 3802 -·
1367 3785 1406 3798 -
1425 3786 1461 3798 —
1477 3779 1512 3794 -

404 3896 985 3912 ----------
1009 3881 1025 3928 s
1051 3863 1198 3948 prefatus
1223 3858 1428 3928 Tumboidus
1450 3871 1511 3942 pro·
1551 3929 1552 3936 ἵ

401 3969 511 4057 posuit
525 3969 602 4039 vivs
617 3987 708 4056 voce,
725 3967 811 4056 qnod
826 3968 1013 4056 porcionem
1030 3988 1132 4055 suam,
1148 3988 1246 4054 quum
1262 3968 1362 4038 babet
1386 3967 1419 4035 in
1438 3969 1511 4030 terre

402 4075 513 4148 Betim
528 4097 586 4166 per
602 4074 708 4165 ipsum
719 4082 845 4164 putrem
861 4097 954 4145 suum
970 4075 1154 4162 aquisitnm,
1171 4094 1244 4144 cum
1255 4072 1417 4144 uniuersis
1430 4107 1464 4122 -·
1475 4099 1510 4116 -·

402 4219 1341 4242 ----------------
1354 4184 1397 4250 ub
1407 4175 1512 4249 eisdem

402 4293 502 4366 certis
519 4293 612 4362 metis
643 4300 676 4362 et
700 4291 853 4381 antiquis,
878 4292 996 4378 quibus
1021 4292 1092 4380 ipse
1118 4289 1325 4378 possedisset,
1347 4289 1390 4358 ob
1412 4281 1511 4356 merite

402 4399 612 4473 seruiciorum
629 4399 733 4489 ipsius
748 4399 886 4488 Orispyn
902 4407 934 4468 et
949 4399 1091 4468 filiorum
1107 4417 1238 4468 suorum
1248 4397 1457 4488 predictorum
1468 4389 1510 4456 de

404 4511 517 4598 disset,
532 4517 564 4581 et
579 4509 768 4580 contulisset
793 4505 926 4594 eisdem,
944 4511 976 4576 et
991 4509 1043 4578 sni
1071 4543 1110 4556 -
1132 4545 1170 4558 -
1188 4509 1245 4558 -'
1251 4529 1509 4558 -----

411 4659 450 4673 -
472 4657 510 4673 -
533 4658 572 4670 -
601 4655 633 4668 ·-
668 4626 701 4689 et
725 4615 980 4688 irreuocebiliter
1004 4616 1141 4701 pacifice
1163 4613 1395 4702 possideudsm
1416 4617 1446 4680 st
1466 4604 1510 4672 11²·
