3124 5194
901 259 1055 356 ..ua

408 459 439 518 et
449 451 686 518 habitatoribus
694 451 902 534 destitutam
919 457 952 516 et
961 451 1036 520 licet
1050 471 1109 518 nos
1125 449 1338 518 consideratis
1354 470 1469 519 eornm
1487 469 1556 516 ser-

407 559 503 642 uicijs
518 559 552 623 in
567 565 657 624 tanto
674 566 707 623 et
721 557 935 642 amplioribus
951 578 1006 624 eos
1023 557 1194 642 prouidere
1204 559 1245 624 de
1259 558 1461 642 benignitate
1490 558 1551 623 Be-

408 666 465 747 gia
479 673 665 731 teneamur:
691 671 801 730 tamon
819 666 896 747 quia
920 665 1013 730 nobis
1039 662 1079 730 de
1105 667 1262 748 qualitate
1289 673 1322 732 et
1348 673 1439 733 statu
1462 671 1551 728 terre

407 771 495 836 illius
511 773 634 837 veritas
651 792 714 837 nou
738 773 926 855 constabat,
944 791 964 835 a
982 771 1139 856 Magistro
1159 772 1289 836 Matheo
1307 770 1435 838 Gemite
1450 771 1550 835 Poso-

408 877 513 943 nieusi
530 875 646 943 dilecto
664 882 697 942 et
713 877 805 942 fideli
821 884 931 943 nostro
947 879 1161 963 requirentes,
1187 879 1341 944 soluimus
1369 897 1443 943 eam
1472 895 1542 942 esse

411 1003 547 1050 vacuam
573 991 604 1047 et
629 983 774 1066 predicte
800 984 1002 1068 quantitatis,
1018 990 1050 1048 et
1075 984 1118 1050 ad
1150 989 1295 1048 nostram
1329 983 1541 1050 collacionem

409 1111 489 1174 pure
504 1098 535 1156 et
552 1091 741 1173 simpliciter
750 1090 922 1177 pertinere,
940 1091 1212 1174 quemadmodum
1239 1111 1296 1174 per
1324 1090 1461 1156 eosdem
1486 1091 1542 1154 Pe·

410 1202 495 1263 trum
511 1203 543 1262 et
562 1196 756 1262 Farkasium
773 1197 914 1262 Comites
931 1196 1026 1262 uobis
1052 1197 1159 1262 luerat
1183 1197 1360 1262 recitatum.
1391 1198 1461 1262 Nos
1488 1197 1543 1262 ita·

408 1323 478 1386 qne,
495 1303 549 1385 qui
565 1303 670 1368 metiri
687 1303 842 1368 debemus
857 1305 973 1368 merita
991 1303 1205 1390 singulorum,
1222 1311 1254 1369 et
1280 1303 1459 1386 vnienique
1487 1325 1543 1387 pro

409 1411 531 1476 meritis
546 1411 755 1494 respondere,
773 1419 901 1494 gratam
914 1413 1106 1478 fidelitatem
1133 1419 1166 1478 et
1190 1413 1357 1480 meritoria
1384 1414 1540 1493 obsequia

411 1517 583 1582 eorundem
610 1517 698 1582 Petri
719 1527 751 1583 et
775 1519 921 1602 Farcaaij
935 1519 1104 1604 Comitum,
1131 1539 1194 1602 que
1219 1519 1314 1585 nobis
1341 1522 1374 1585 in
1402 1519 1539 1585 diuersis

414 1625 520 1706 Regni
546 1623 820 1712 expedicionibus,
847 1633 880 1691 et
906 1625 1092 1710 specialiter
1117 1628 1152 1691 in
1169 1625 1320 1709 gerendis
1331 1626 1540 1692 confiniorum

417 1731 655 1814 impenderunt,
672 1731 887 1817 attendentes,
904 1732 1086 1818 predictum
1103 1739 1223 1799 terram
1234 1733 1344 1799 Castri
1369 1732 1537 1799 Posonieu-

415 1837 470 1918 sis,
485 1838 544 1902 sub
560 1837 703 1920 antiquis
719 1841 813 1904 metis
829 1846 861 1903 et
876 1840 1036 1923 prioribus
1062 1839 1313 1906 distinocionum
1328 1835 1536 1924 terminisf'ab

410 1943 522 2008 eodem
538 1944 730 2011 Posoniensi
747 1944 860 2011 Castro
878 1953 910 2010 et
926 1947 997 2011 eius
1019 1945 1255 2029 jurisdictione
1270 1945 1472 2030 excipientes
1486 1965 1534 2029 pe

408 2050 496 2116 nitus
512 2057 544 2116 et
568 2051 757 2131 eximentes,
782 2052 941 2133 dedimus,
966 2053 1160 2118 donauimus
1187 2060 1219 2116 et
1244 2053 1444 2119 contulimus
1472 2053 1530 2116 iam

409 2155 506 2222 dictis
524 2158 616 2224 Petro
633 2164 664 2222 et
681 2157 837 2224 Faroasio
852 2157 1034 2226 Comitibus
1050 2159 1120 2225 iure
1137 2159 1289 2243 perpetui
1308 2159 1445 2243 domini]
1462 2160 1528 2224 irre·

407 2263 909 2349 uocabiliterpossidendam.1n
927 2266 1017 2332 onius
1045 2268 1091 2332 rei
1119 2268 1308 2332 memoriam
1333 2273 1527 2352 perpetuan-

412 2391 475 2454 que
490 2371 672 2438 firmitatem
689 2378 856 2458 presentes
874 2375 1092 2440 concessimus
1118 2373 1246 2439 litteras
1272 2373 1414 2459 duplicis
1439 2371 1527 2454 sigilli

408 2479 510 2544 nostri
527 2479 703 2544 munimine
718 2479 899 2545 roboratas.
915 2479 1036 2544 Datum
1052 2499 1109 2563 per
1126 2499 1241 2546 manus
1259 2479 1455 2546 venerabilis
1478 2497 1526 2561 pa-

408 2585 465 2651 tris
482 2586 644 2652 Theodori
663 2587 723 2652 Dei
740 2587 854 2670 gracia
880 2585 1063 2652 Janrlensis
1089 2586 1237 2653 Ecclesie
1264 2586 1437 2671 Episcopi:
1461 2584 1524 2650 aule

409 2698 517 2756 nostre
535 2693 616 2756 Vise
633 2689 829 2774 Cancellarij
847 2692 957 2758 dilecti
973 2700 1005 2758 et
1036 2691 1142 2757 fidelis
1159 2692 1270 2776 nostri,
1298 2712 1385 2758 anno
1410 2689 1525 2755 Domini

409 2796 582 2862 millesimo
600 2798 820 2865 ducentesimo
838 2799 1050 2882 nonagesimo
1067 2799 1191 2885 quinto,
1218 2805 1334 2866 octauo
1361 2799 1432 2864 idus
1456 2795 1523 2877 Julij

409 2903 514 2986 Regni
529 2912 637 2971 antem
656 2906 757 2973 nostri
774 2924 860 2972 anno
877 2908 999 2989 quinto.

409 3098 547 3164 (Eredetio
561 3097 736 3166 bdrhdrtydn,
749 3116 767 3152 ι
789 3107 867 3152 rdrds
881 3100 1112 3166 selyemzsindron
1125 3105 1234 3167 l'tlggdtt
1254 3101 1348 3168 pecsdt
1373 3102 1486 3156 errasset
1504 3112 1518 3145 Ι

725 3191 805 3240 budai
818 3190 871 3240 kir.
883 3191 1008 3241 kamarai
1030 3186 1222 3256 levdltrirbun.)
