3132 5192
545 333 702 433 *sr—

62 527 307 612 llarcoVitur‚et
316 526 457 596 Martino
467 529 587 596 Bembe
598 521 803 595 consiliariis
814 521 923 611 Jadre;
933 521 1063 592 domino
1073 525 1183 595 Murco

59 635 96 703 de
110 635 256 703 Mamilio
273 637 362 704 socio
394 636 518 703 domini
534 633 695 703 Johannis
712 633 886 700 Oontareni
904 631 1183 704 Oemitisladren·

58 745 108 828 sis,
123 751 155 810 et
171 745 252 810 aliis
268 743 416 830 pluribus
433 743 570 810 testibus
586 742 629 810 ad
645 740 706 809 hee
722 740 847 810 voeatis
873 739 1061 828 specialiter
1086 748 1119 809 et
1134 764 1182 812 ro·

65 853 153 936 gatis.
168 855 290 919 Actum
308 853 341 916 in
359 851 456 918 Curia
472 850 587 945 Sancti
602 847 720 916 Jacobi
735 850 821 916 ultra
837 855 965 934 portum
976 849 1087 916 Jadre.
1116 850 1181 916 Do·

57 960 154 1026 minus
171 959 337 1045 Georgius
369 961 485 1029 (lomes
502 959 727 1026 Breheriensis
745 958 936 1024 solemniter
960 957 1063 1043 inivit,
1092 957 1180 1044 fecit,

54 1075 82 1132 et
94 1067 235 1134 firmavit
253 1070 459 1154 proseipso‚
476 1074 710 1153 algentem,
736 1087 775 1133 ac
800 1065 868 1133 suis
892 1063 1042 1150 subditis,
1069 1073 1101 1134 et
1126 1086 1181 1132 no·

55 1175 132 1240 mine
148 1170 380 1243 communisse
397 1177 564 1243 hominum
574 1174 715 1258 Almisli,
727 1193 858 1260 meram,
870 1193 994 1260 puram,
1012 1181 1044 1242 et
1055 1174 1178 1244 firmam

53 1287 191 1366 treguam
210 1303 315 1368 usque
330 1284 373 1350 ad
389 1305 486 1350 vnum
504 1303 624 1350 annum
641 1283 835 1367 completum
852 1301 923 1348 eum
950 1281 1090 1368 Egregie
1107 1282 1189 1349 viro
1249 1349 1252 1356 ,

52 1389 174 1460 domino
191 1391 347 1460 Johanne
379 1393 574 1480 Oontareno,
607 1395 691 1459 bene
722 1391 876 1457 memorie
907 1389 1029 1458 domini
1061 1389 1175 1456 Jaeobi

53 1498 220 1566 contareni
238 1501 341 1566 Ducis
358 1500 574 1566 Veneeiarum
591 1497 669 1584 filio,
686 1496 840 1564 Jadrensi
857 1495 983 1564 Gemite
998 1497 1176 1584 recipiente

52 1614 81 1669 et
94 1606 275 1691 stipulante
290 1608 420 1676 nomine
437 1615 470 1674 et
485 1607 557 1674 viee
575 1605 716 1674 Illustris
741 1603 864 1674 domini
889 1607 990 1673 Ducis
1015 1605 1174 1674 Veneeia-

51 1732 123 1799 rum,
139 1712 340 1802 Communis,
358 1723 390 1783 et
405 1717 570 1782 hominum
586 1713 736 1782 Civitatis
769 1713 924 1802 ejusdem,
955 1733 1097 1784 necnon
1121 1713 1178 1780 ha·

51 1821 237 1904 bitatorum,
278 1823 495 1891 subiectorum
526 1831 558 1890 et
581 1822 828 1889 districtualium
855 1841 995 1888 suorum.
1037 1819 1174 1888 Promit-

52 1936 116 1995 tens
131 1930 300 2013 predictus
318 1929 466 1998 dominus
483 1932 598 1998 Comes
614 1928 776 2013 Georgius
792 1927 937 2015 predicto
962 1929 1092 1998 domino
1117 1928 1170 1996 Jo-

51 2037 143 2101 hanni
159 2038 347 2105 (lentareno
362 2039 516 2105 Jadrensi
533 2036 661 2122 comiti,
680 2035 846 2122 recipienti
862 2043 894 2102 et
918 2037 1089 2122 stipulanti
1118 2058 1172 2104 no·
1228 2121 1231 2128 μ

51 2144 127 2211 rnine
142 2146 283 2230 predicti
301 2146 425 2212 domini
441 2145 554 2230 Ducis,
570 2146 757 2212 Communis
773 2151 805 2210 et
820 2145 984 2214 hominum
1012 2145 1171 2213 Veneeia-

50 2273 121 2337 rum,
137 2261 172 2320 ut
189 2253 376 2338 predictum
393 2261 451 2334 est,
469 2252 554 2336 quod
568 2252 639 2338 ipse
655 2271 713 2336 per
728 2271 777 2338 se,
793 2259 826 2318 et
842 2273 928 2338 suos,
956 2273 996 2319 ae
1022 2252 1170 2322 homiues

49 2359 165 2426 Almisii
184 2381 250 2426 nen
268 2361 418 2441 offendet,
435 2379 495 2424 nee
511 2359 630 2426 offendi
648 2358 754 2440 faciet,
768 2359 820 2427 rel
838 2361 1004 2445 permittet
1019 2361 1053 2428 in
1068 2363 1172 2446 rebus,

50 2466 94 2532 vel
109 2466 256 2550 personis
283 2465 458 2532 Commune
483 2473 516 2534 et
542 2467 687 2532 homines
712 2467 939 2550 Veneeiarum,
957 2469 1168 2551 habitatores,

51 2572 163 2660 fideles,
180 2573 414 2660 districtuales,
431 2593 487 2639 seu
505 2573 651 2640 subditos
668 2573 747 2639 dicti
764 2572 888 2642 domini
903 2574 1024 2661 Ducis;
1043 2575 1101 2642 sed
1118 2598 1173 2645 eos

51 2698 162 2766 omnes,
178 2687 210 2746 et
226 2682 375 2765 singulos
391 2701 512 2764 eorum,
528 2681 694 2748 habebunt
710 2681 821 2749 salvos
846 2691 878 2751 et
895 2702 1026 2750 securos
1043 2683 1172 2768 ubique.

53 2787 124 2851 ltem
141 2787 257 2854 eodem
274 2787 369 2855 modo
385 2789 543 2874 promisit,
561 2790 646 2871 quod
676 2790 704 2856 si
722 2790 794 2875 ipsc
809 2797 875 2857 tam
893 2811 951 2875 per
965 2811 1011 2876 se,
1028 2798 1061 2858 et
1085 2811 1172 2876 suos,

54 2915 140 2977 quam
157 2917 219 2982 per
234 2896 381 2964 homines
397 2897 527 2964 Almisii
544 2903 795 2983 attemptassent
811 2897 936 2981 aliquid
952 2905 1064 2965 eontra
1074 2898 1175 2967 hono-

8 3049 9 3052 *
52 3022 111 3069 rem
127 3005 210 3073 dicti
236 3005 357 3072 domini
384 3007 486 3075 Ducis
511 3014 543 3073 et
570 3006 755 3074 Communis
779 3006 992 3074 Veneeiarum
1018 3005 1059 3074 (le
1085 3015 1173 3078 tetra

53 3110 149 3181 Phara
164 3121 198 3181 et
216 3113 330 3198 Braze,
348 3113 401 3178 vel
415 3114 526 3195 aliqua
541 3115 610 3180 alia
625 3121 725 3196 terra,
741 3112 793 3179 vel
809 3113 883 3180 loeo
898 3112 1037 3179 habente
1060 3117 1171 3182 Recto·

53 3238 111 3284 rem
126 3243 184 3306 pro
203 3222 292 3288 dieto
309 3221 440 3287 dominc
457 3221 546 3288 Duce
563 3221 596 3287 in
613 3224 708 3289 terris
726 3223 805 3306 suis,
832 3220 885 3288 vel
911 3221 974 3286 sibi
1000 3221 1169 3307 subjectis,

54 3330 223 3396 removebit
238 3349 273 3396 se
290 3329 329 3394 de
345 3329 532 3414 hujusmodi
548 3335 827 3414 attemptamonto‚
845 3327 935 3395 etde
961 3336 1071 3396 cetero
1097 3349 1170 3396 eon·

53 3439 97 3500 tra
110 3436 265 3504 honorem
282 3437 352 3521 ejus
368 3458 434 3504 non
449 3437 655 3524 attemptabit
685 3437 828 3521 amplius
846 3436 886 3502 de
911 3436 1007 3504 terris
1033 3445 1064 3504 et
1089 3438 1170 3505 locis

55 3543 213 3626 predictis.
232 3546 312 3610 Item
338 3543 425 3630 quod
448 3543 583 3630 predicti
609 3545 757 3614 homines
782 3543 824 3612 de
848 3544 994 3633 Almisio,
1024 3566 1080 3613 seu
1111 3567 1171 3632 per

53 3649 127 3718 ullos
143 3673 255 3719 eorum
270 3654 324 3720 vel
341 3653 482 3739 alicujus
497 3673 617 3741 eorum,
644 3673 700 3720 seu
725 3673 784 3739 per
810 3654 958 3721 homines
983 3653 1038 3738 qui
1063 3673 1098 3721 se
1122 3675 1168 3721 re·

53 3765 209 3842 ceptarent
224 3780 283 3845 pro
300 3761 358 3846 eis,
376 3762 429 3827 vel
444 3768 553 3828 essent
568 3761 626 3827 sub
643 3781 752 3828 eorum
770 3759 923 3847 dominio,
940 3783 1003 3828 non
1019 3771 1167 3830 accosta·

53 3862 122 3933 bunt
136 3887 169 3934 se
188 3887 261 3934 eum
277 3887 388 3934 eorum
405 3869 503 3950 lignis
519 3867 627 3952 alicui,
643 3868 696 3935 vel
714 3869 878 3954 aliquibus
896 3869 988 3954 ligno
1004 3869 1168 3953 vellignis

53 3967 235 4041 Venetorum
254 3975 307 4040 vel
323 3975 547 4043 habitatorum
563 3974 787 4060 Veneeiarum,
804 3975 961 4063 fidelium,
978 3976 1030 4042 vel
1056 3976 1165 4043 subdi-

54 4081 155 4165 tcmm,
174 4100 215 4148 ae
229 4080 483 4152 districtualium
501 4082 580 4150 dieti
592 4082 714 4150 domini
730 4084 851 4167 Ducis3
878 4104 937 4150 nee
952 4084 1094 4154 inferent
1108 4085 1167 4170 eis,

53 4184 99 4250 uel
113 4188 205 4256 alicui
223 4208 346 4277 eorum,
364 4211 424 4259 nec
440 4190 509 4275 alii,
526 4191 577 4257 vel
593 4191 680 4276 ehje,
697 4192 752 4274 qui
768 4191 853 4259 foret
868 4193 923 4259 vel
941 4191 1096 4258 ferentin
1123 4193 1168 4259 di·

54 4299 96 4360 eto
111 4297 198 4394 ligno
213 4299 268 4364 vel
284 4299 392 4386 lignis,
418 4298 581 4386 injuriam,
607 4301 798 4387 molestiam,
827 4301 991 4386 hrenum,
1017 4298 1168 4368 offensio-

53 4417 126 4486 uem,
142 4406 193 4472 vel
209 4428 397 4494 gravamen,
413 4409 447 4476 in
465 4409 611 4496 personis
628 4416 680 4477 vel
709 4411 805 4479 rebus
830 4431 949 4497 eorum,
977 4408 1032 4493 qui
1059 4417 1168 4477 essent

55 4503 81 4573 in
96 4509 176 4578 dicto
192 4515 293 4597 ligne,
308 4517 362 4584 vel
379 4517 499 4603 lignis;
516 4525 547 4584 et
564 4517 667 4585 eciam
685 4518 848 4610 predictos
864 4519 1014 4602 Venetos,
1042 4517 1165 4588 habitu-

55 4621 129 4690 tores
144 4621 370 4710 Veneeiarum,
384 4625 508 4712 fideles,
524 4625 683 4712 subditos,
707 4634 740 4696 et
764 4625 984 4694 districtualos
1010 4623 1087 4695 dicti
1114 4628 1168 4696 dc-

8 4759 9 4786 1
92 4754 186 4832 copus,
203 4757 287 4797 mna.
306 4759 375 4798 rrrsn.
391 4769 435 4784 -·
450 4761 561 4801 nmuou.
578 4756 613 4800 ts.
841 4787 845 4794 -
984 4737 1002 4806 7
