3124 5194
646 1017 721 1085 109.

9 1241 11 1256 “
109 1219 141 1286 A
155 1221 278 1308 azepeai
293 1216 517 1304 kdptatoaook
532 1216 806 1304 bizooyadptauela,
823 1218 906 1302 hoqy
921 1215 1034 1282 Istoda
1050 1237 1149 1282 comes
1176 1215 1245 1280 Ru-

9 1313 11 1320 ,
105 1327 172 1392 tat
187 1327 410 1409 eomeaaekfla
426 1323 588 1410 Gaoynpk
603 1331 682 1388 oeott
698 1321 840 1386 tiaratos
858 1321 966 1386 elodto
982 1320 1106 1407 Stoyan
1122 1321 1245 1388 tritta

9 1429 10 1436 ἵ
539 1431 706 1496 comesset.
725 1429 821 1494 1294.

216 1628 288 1695 Nos
300 1625 483 1711 Capitulum
502 1626 648 1692 Ecclesie
658 1623 749 1689 Beati
761 1623 892 1689 Martini
903 1623 936 1688 in
948 1623 1070 1708 Scepns
1087 1623 1242 1690 memorie

9 1731 11 1738 '
110 1733 380 1800 commendantes
396 1733 616 1817 significamus
632 1731 793 1797 vniuersis
812 1729 931 1812 quihus
955 1729 1090 1814 expedit
1113 1750 1246 1814 presen-

9 1895 11 1924 3
108 1841 194 1905 cium
210 1859 271 1924 per
286 1846 450 1906 tenorem:
468 1837 554 1922 quod
571 1834 687 1902 Comes
702 1835 886 1919 Stephanus
901 1836 989 1903 filius
1018 1835 1152 1904 Comitis
1177 1838 1243 1904 Ru·

114 1947 191 2012 herti
207 1967 276 2012 vna
292 1967 364 2012 cum
380 1947 448 2012 filio
465 1967 523 2013 suo
541 1943 712 2029 Tyhuroio,
734 1961 874 2009 necnon
891 1963 963 2010 cum
980 1945 1151 2027 generibus
1177 1946 1245 2013 suis

9 2061 10 2112 ἱ
111 2051 267 2120 videlicet
282 2051 472 2120 Hermanno
489 2059 521 2119 et
535 2052 704 2135 Radiztao,
722 2057 754 2114 et
771 2069 841 2115 cum
861 2041 986 2116 Gemite
1000 2051 1185 2118 Helbrando
1211 2053 1245 2117 iu

9 2229 11 2260 ἑ
106 2165 223 2224 nostra
239 2157 415 2243 presencia
433 2165 523 2241 parte
540 2179 580 2224 ex
606 2179 672 2224 arua
697 2165 928 2242 comparentes,
954 2177 1104 2226 necnon
1130 2159 1244 2226 Comen

9 2269 11 2342 ζ
115 2265 269 2332 Nicotaus
286 2265 449 2350 Stoyanus
468 2272 560 2349 parte
586 2286 627 2330 cx
652 2265 755 2330 attera
780 2265 990 2353 constitutus3
1017 2265 1102 2332 idem
1130 2263 1253 2334 Comes

9 2419 10 2430 ,
116 2371 306 2458 Stephanus
319 2372 406 2438 filins
424 2371 556 2438 Comitis
572 2373 705 2437 Ruberti
724 2391 795 2436 cum
811 2371 877 2439 filio
893 2392 951 2438 suo
967 2373 1127 2456 Tyhoroio
1155 2379 1247 2440 ante.

9 2461 10 2478 ³
110 2478 208 2562 dieto,
227 2485 349 2546 etcum
367 2481 498 2562 generis
514 2478 580 2545 suis
598 2480 784 2545 Hermanno
800 2487 832 2545 et
848 2478 1004 2544 Rudiulao
1020 2478 1194 2547 antedictis
1211 2481 1245 2546 in

9 2573 11 2606 ²
117 2592 226 2653 nostra
242 2587 414 2670 presencia
430 2592 506 2652 sunt
523 2586 682 2654 confessi:
700 2584 785 2670 quod
801 2591 902 2652 totam
919 2587 1133 2652 hereditatem
1158 2587 1243 2671 ipso-

117 2711 188 2758 rum
206 2695 371 2778 Gnaynge
387 2699 537 2759 uocatam
553 2695 614 2758 sub
640 2691 766 2778 Lepide
792 2693 908 2759 Comiti
934 2694 1073 2759 Nicolao
1098 2695 1244 2780 Stoyano

118 2819 174 2881 pro
189 2803 366 2886 sexaginta
377 2801 494 2872 mareis
511 2801 637 2883 argenti
653 2799 889 2878 uendidissent,
907 2819 978 2865 cum
997 2801 1085 2865 omui
1097 2798 1245 2866 libertate

9 2893 12 2902 ’
117 2923 155 2970 ao
170 2908 312 2973 utilitate
328 2915 359 2974 et
376 2907 477 2992 metis,
496 2907 581 2973 sicut
595 2909 629 2972 in
647 2907 819 2990 priuilegio
836 2908 935 2989 Regis
953 2907 1032 2973 Bele
1049 2907 1244 2993 continetur,

117 3011 176 3077 sihi
192 3019 223 3078 et
238 3013 309 3079 suis
324 3011 497 3078 heredibus
514 3011 734 3094 heredumque
748 3031 877 3077 suorum
906 3011 1148 3077 successoribus
1173 3009 1252 3094 per?

118 3125 211 3202 petuo
228 3143 268 3187 ao
286 3119 394 3202 quiete
409 3116 651 3203 possidendam.
669 3117 782 3182 Eciam
794 3116 1124 3183 ComesHelbrandus
1137 3137 1244 3182 coram

120 3227 207 3294 nobis
227 3229 309 3294 vina
340 3245 419 3291 uoce
445 3224 636 3304 affirmauit;
662 3224 750 3306 qnod
774 3228 923 3305 quartam
948 3229 1074 3306 partem
1101 3211 1244 3290 effidem

9 3403 10 3410 ἶ
120 3330 313 3399 hereditauit
328 3326 416 3418 (igy)
434 3329 570 3394 mutauit
595 3351 616 3395 a
642 3328 798 3396 Radiulao
824 3327 994 3411 sepedicto
1021 3349 1078 3413 pro
1105 3329 1244 3411 quodam

9 3441 12 3448 “
117 3455 246 3505 nemore
273 3437 418 3503 Linmiza
434 3443 633 3521 nuncupato,
650 3455 712 3519 que
730 3435 834 3502 eidem
849 3434 1005 3502 Radizlao
1023 3456 1062 3501 ex
1077 3442 1245 3521 partesue
1358 3439 1381 3502 .“

9 3539 10 3544 ’
119 3546 225 3612 uxoris
242 3544 391 3629 cedebat,
408 3542 523 3610 Oomiti
538 3541 673 3609 Nicoiao
690 3543 835 3628 Stoyeno
851 3563 911 3627 pro
928 3543 1043 3626 uiginti
1058 3543 1176 3612 marcis
1194 3563 1246 3610 er-

121 3653 203 3732 genti
220 3649 423 3718 uendidisset
439 3668 510 3715 cum
526 3650 644 3718 litteris
661 3649 813 3736 Capituli,
832 3669 912 3735 quas
928 3649 1043 3719 Comes
1059 3652 1244 3737 Stephanus

9 3823 11 3826 .
83 3791 87 3799 ·
122 3760 304 3826 antedictus
322 3757 427 3824 eidem
443 3755 601 3823 Radizlao
628 3765 730 3824 etsue
754 3759 847 3824 vxori
872 3777 969 3844 super
993 3760 1129 3827 eandem
1152 3760 1248 3827 here-

120 3864 251 3934 ditatem
283 3865 432 3948 erogauit
462 3883 533 3930 cum
566 3866 651 3931 omni
682 3865 830 3932 libertate
846 3885 885 3932 ae
904 3865 1054 3952 utilitate,
1069 3869 1153 3934 siout
1177 3871 1246 3954 pri-

112 3971 272 4058 uilegium
288 3972 387 4057 Regis
403 3972 482 4038 Bele
498 3973 643 4038 eontinet
660 3978 692 4036 et
708 3973 869 4056 exprimit,
887 3973 949 4038 sibi
966 3994 1006 4039 ac
1026 3977 1094 4040 suis
1120 3978 1245 4046 heredi-

9 4087 10 4096 ’
115 4075 177 4144 'bus
193 4081 414 4162 heredumque
439 4099 570 4146 suorum
581 4081 820 4148 successoribus
836 4087 990 4168 perpetue
1005 4085 1246 4166 possidendam·

119 4182 208 4261 Quod
224 4187 330 4273 pluris
346 4193 404 4270 est,
419 4207 500 4252 vxor
516 4187 619 4270 ipsius
633 4187 796 4272 Radizlay
812 4190 845 4254 in
862 4199 974 4256 nostra
991 4193 1097 4257 astitit
1114 4211 1239 4275 presen.

11 4309 15 4316 ¹
114 4292 179 4374 eia,
194 4304 227 4360 et
243 4293 442 4377 emptionem
459 4294 543 4359 inter
559 4295 729 4360 Nicolaum
745 4294 924 4379 Stoyanum
941 4303 974 4362 et
990 4296 1146 4363 Comitem
1163 4299 1239 4363 Hel·

9 4461 10 4464 ,
121 4397 274 4468 trandum
291 4401 369 4466 uiua
381 4419 461 4467 uoce
476 4409 706 4469 concesserunt
723 4385 978 4485 unacum‘patre
996 4405 1261 4498 ipsiusGomite„

117 4502 291 4592 Stephano,
308 4527 370 4573 neo
384 4527 448 4575 non
463 4527 585 4592 genero
601 4509 744 4577 eiusdem
761 4507 921 4594 Stephani
935 4533 943 4594 ς
960 4515 994 4578 et
1010 4531 1121 4582 omnes
1146 4512 1247 4580 vicini

118 4611 261 4682 eiusdem
280 4613 478 4698 hereditatis,
506 4614 656 4687 videlicet
675 4615 789 4682 Comes
814 4616 980 4700 Nyeolaus
996 4617 1084 4686 filius
1110 4621 1247 4688 Mathia
