3180 5202
809 349 970 448 4452

323 545 449 630 siliens,
467 543 586 610 iudicio
601 543 718 628 Regali
735 543 925 612 subiacebit
942 545 1221 627 Dieimuseeiam,
1236 547 1325 630 quod
1355 545 1491 638 maus,

324 649 439 720 Comes
455 652 608 720 Nicolaus
624 652 825 721 Demetrium
840 652 943 720 lilium
958 652 1068 738 Sarna,
1085 652 1282 738 Eymirioum
1315 661 1348 718 et
1379 653 1477 719 Tho—

323 779 410 826 mam
430 759 636 844 expetitores
652 760 742 828 diete
756 767 843 828 terre
859 759 1003 847 Zeehlre‚
1018 761 1147 828 litteras
1178 768 1210 826 et
1241 759 1467 827 instrumenta

326 887 426 953 super
439 867 514 951 ipsa
529 876 619 936 terra
634 868 799 936 eonleetas
816 875 849 936 et
864 867 1014 937 eouleeta
1023 869 1058 936 in
1068 867 1192 938 eisdem
1204 867 1335 936 ootauis
1344 866 1473 933 Sauet'u

324 973 441 1042 Jaeolri
458 995 565 1041 eoram
584 973 666 1061 ipsis
681 974 816 1042 arbitris
831 973 929 1042 debet
945 983 1094 1043 statuere
1111 980 1144 1042 et
1154 976 1320 1044 exhibere.
1336 976 1469 1041 Rursus
1547 969 1550 972 ’

324 1088 436 1166 partes
452 1080 487 1145 in
503 1080 629 1148 oetauis
646 1079 758 1147 Sancti
774 1081 874 1167 Regis
889 1079 1048 1167 Stephani
1065 1081 1188 1150 debent
1218 1101 1330 1149 eoram
1363 1081 1465 1146 nobis

326 1205 515 1272 comparere
531 1187 575 1253 ad
590 1205 707 1272 paoem
732 1187 948 1276 reeitaudam,
980 1189 1032 1256 uel
1062 1189 1106 1258 ad
1137 1190 1228 1256 litem
1259 1207 1471 1274 prosequen-

326 1295 401 1362 dam
416 1319 424 1377 ;
441 1293 558 1362 seriem
574 1293 653 1360 laeti
669 1295 703 1361 in
718 1294 838 1362 litteris
853 1293 1092 1364 Oruoilerorum
1109 1295 1150 1362 de
1178 1296 1273 1365 Okur
1288 1302 1465 1381 reportan-

327 1401 380 1466 do.
412 1401 532 1465 Datum
565 1399 598 1464 in
629 1398 812 1468 Susuehtou
829 1400 912 1468 feria
928 1402 1042 1484 quinta
1056 1403 1205 1488 proxima
1234 1407 1311 1468 ante
1342 1401 1472 1469 festum

324 1509 545 1574 Pentecostes.

433 1611 587 1679 Kivtll:
604 1615 666 1681 Pro
683 1614 839 1698 Magistro
855 1613 996 1682 Coraldo
1012 1614 1081 1680 filio
1107 1614 1266 1701 Stephani
1298 1622 1330 1683 et
1346 1615 1467 1700 sociju,

325 1725 438 1786 eontra
454 1719 611 1786 Comitem
628 1720 802 1786 Nicolaum
818 1718 919 1786 lilium
934 1721 1013 1788 Jula
1029 1727 1062 1786 et
1094 1721 1251 1788 Aradium
1283 1723 1467 1790 officialem

325 1846 418 1893 suum
434 1825 478 1893 ad
494 1835 629 1894 octauas
643 1827 757 1894 Sancti
775 1827 886 1910 Regis.

328 2021 463 2086 (Eredetie
476 2019 652 2088 bllrhlrtytm
666 2039 683 2074 a
703 2019 780 2076 html
793 2024 846 2074 oda
864 2025 987 2090 nyclmott
1004 2025 1153 2089 possetnek
1175 2023 1325 2077 soredtktn
1338 2042 1356 2076 a
1369 2023 1471 2091 kirtly

374 2109 525 2176 alakjtnak
544 2109 619 2167 lesus
639 2109 738 2164 lttsaik
758 2109 838 2178 meg:
857 2128 875 2162 a
888 2129 921 2162 m.
935 2113 961 2162 b.
975 2111 1071 2178 Πόνε]
1085 2111 1175 2164 esnltd
1189 2110 1402 2176 levtltarttsan.)

780 2378 991 2389 η--

330 3021 576 3106 lllrvenykezeri
590 3021 736 3106 olemdny,
753 3023 835 3103 moly
860 3024 975 3086 aerina
1001 2998 1104 3086 όυάνί
1129 3021 1271 3085 Konrdd
1298 3045 1395 3088 centes
1419 3025 1459 3130 ξε

327 3125 473 3194 Ηενόονά
507 3137 620 3192 prester·
646 3147 737 3212 peres
770 3127 903 3212 itpytiltet
935 3127 1162 3213 burdtau'qosan
1194 3129 1369 3192 eliete‘zttt.
1401 3130 1461 3193 Eu

824 3235 944 3300 ae'llstll.

434 3426 539 3492 Datur
554 3447 612 3512 pro
630 3427 798 3513 memoria,
815 3428 900 3511 quod
926 3427 1041 3496 Comes
1072 3426 1250 3496 cornardus
1281 3427 1323 3494 de
1355 3429 1464 3497 Owar

326 3531 368 3595 ab
384 3550 451 3596 una
465 3539 569 3616 parte,
586 3533 742 3618 Magister
756 3533 946 3602 Herbordus
961 3536 1004 3601 ab
1020 3534 1126 3600 altera
1142 3553 1251 3601 eoram
1268 3535 1364 3603 uobis
1384 3555 1463 3620 per·

327 3635 483 3706 sonaliter
500 3639 677 3726 constituti,
695 3661 794 3726 super
823 3641 973 3708 omnibus
1004 3641 1123 3729 nausis,
1155 3640 1307 3708 videlieet
1343 3641 1462 3727 debiti,

326 3764 391 3829 quo
405 3744 490 3812 idem
505 3747 662 3832 Magister
677 3749 866 3816 Harbortlus
882 3751 947 3836 ipsi
962 3748 1079 3817 Oomiti
1097 3749 1260 3817 (lorrardo
1271 3749 1464 3835 tenebatur,

327 3861 360 3920 et
376 3853 576 3940 superfacto
593 3855 782 3942 principali,
799 3875 838 3923 ae
854 3877 951 3943 super
967 3859 1085 3945 nausis,
1102 3875 1184 3940 quas
1216 3855 1304 3923 idem
1336 3857 1462 3939 llagis-

325 3967 374 4026 ter
388 3959 581 4028 Herbordua
597 3967 629 4026 et
644 3961 694 4027 sui
711 3961 830 4030 fratres
846 3969 1019 4031 mouerant
1045 3968 1159 4028 eontra
1191 3959 1348 4028 comitem
1381 3960 1461 4028 (lor-

325 4063 459 4134 rardnm
475 4068 707 4154 supradictum,
722 4071 758 4136 in
774 4073 871 4138 talem
889 4089 1004 4158 paoem
1020 4089 1056 4136 ss
1082 4069 1242 4154 dixerunt,
1274 4067 1392 4154 sopitis
1425 4078 1461 4135 et

324 4174 480 4242 auullatis
497 4175 647 4243 omnibus
663 4175 773 4245 causis
790 4179 957 4263 utriusque
982 4176 1129 4261 paralum
1146 4175 1338 4243 deuenisse:
1373 4175 1461 4258 quod

325 4282 412 4349 idem
430 4281 545 4350 Oomes
562 4282 740 4352 Corrardus
756 4305 852 4352 omne
867 4285 911 4372 id,
927 4306 991 4372 quo
1022 4283 1128 4354 eidem
1160 4281 1266 4351 dietus
1297 4281 1457 4367 Magister

324 4388 511 4458 Herbordus
528 4389 708 4480 tenebatur,
724 4393 769 4460 ad
783 4395 980 4480 peticionem
997 4391 1153 4462 nobilium
1170 4391 1347 4481 multorum
1363 4409 1468 4475 prop-

324 4506 373 4566 ter
390 4498 509 4566 bonum
524 4499 615 4585 pasis
627 4499 660 4566 in
678 4499 796 4585 viginti
812 4503 930 4569 mareis
947 4499 1120 4586 relaxauit
1134 4515 1218 4580 quas
1233 4495 1296 4565 sibi
1327 4495 1458 4564 soluere

324 4605 501 4686 assumpsit
514 4625 625 4673 eoram
661 4606 811 4694 Capitulu
842 4604 1184 4692 Quinqueesolesiensi
1215 4603 1250 4670 in
1281 4603 1467 4689 quindenis
