3234 5194
116 1151 181 1220 ΠΙ.
210 1155 322 1219 Badra
347 1157 458 1241 kirrily
483 1159 659 1244 meyerdsltr'
682 1181 702 1220 a
727 1159 1014 1242 adtoralja-ujbelya'
1038 1161 1252 1245 vendoperam

255 1264 315 1330 IV.
331 1266 449 1352 Ldszlcl
462 1266 619 1351 kiralycol
634 1277 723 1350 ayert
749 1266 992 1332 szabudalmail.
1009 1270 1105 1334 1291.

228 1459 379 1527 Andreas
394 1461 456 1527 Dei
473 1451 586 1544 gracia
602 1461 756 1545 Vngaric,
772 1459 951 1546 Dalmacie,
968 1458 1112 1550 (lroacie,
1139 1465 1249 1545 Rame,

116 1566 245 1652 Sernic,
263 1566 414 1655 Gallicis,
431 1565 628 1651 Lodomerie,
645 1570 811 1654 Cumanis,
829 1568 1046 1654 Bulgarieque
1063 1572 1132 1636 Rex
1149 1571 1249 1637 omni-

116 1675 177 1740 bus
195 1674 320 1740 Christi
335 1675 486 1743 fidelibus
502 1682 668 1762 presentes
684 1676 810 1744 litteras
827 1678 1019 1762 inspecturis
1046 1679 1184 1744 salutem
1212 1679 1245 1744 in

118 1783 264 1848 omnium
281 1783 454 1850 saluatore.
484 1782 537 1848 Ad
567 1785 790 1850 uniuersorum
821 1791 887 1850 tam
919 1785 1122 1868 presencium
1153 1803 1250 1867 quam

37 1907 42 1920 ·
119 1889 302 1957 futurorum
318 1891 469 1960 noticiam
481 1892 849 1960 barumserienolumus
860 1893 1043 1978 peruenire,
1060 1891 1146 1976 quod
1162 1911 1239 1959 acce

117 1996 232 2064 dentes
250 1998 294 2064 ad
319 2005 465 2066 nostram
490 2001 692 2084 presenciam
716 1999 860 2085 hospites
886 2002 986 2066 nostri
1015 1999 1055 2064 de
1081 2000 1246 2066 Saturalia

116 2105 236 2190 Wybel
264 2105 479 2173 exbibuerunt
506 2107 600 2173 nobis
617 2109 743 2176 litteras
761 2113 908 2193 patentes
934 2107 1081 2174 Ladizlai
1108 2108 1245 2174 illustris

23 2251 24 2258 κ
116 2215 216 2299 Regis
244 2215 404 2302 Vngaric‚
430 2214 538 2282 fratris
562 2215 663 2284 nostri
680 2215 844 2282 karissimi
869 2217 973 2284 felicis
999 2216 1247 2299 recordacionis,

23 2395 24 2400 ἵ
116 2343 213 2408 snper
232 2322 438 2389 libertatibus
452 2323 594 2408 ipsorum
611 2323 783 2407 confectus,
801 2329 950 2408 petentes
976 2343 1047 2388 cum
1074 2325 1246 2407 instancia,

23 2485 25 2490 ,
117 2435 151 2494 ut
165 2431 302 2497 casdem
318 2433 512 2518 approbare,
529 2432 701 2516 tabificam,
720 2438 893 2515 nostroque
910 2431 1118 2516 dignaremur
1130 2431 1170 2496 de
1192 2433 1246 2496 bc-

22 2601 24 2642 ἷ
116 2539 279 2620 nignitate
295 2539 398 2623 Regia
415 2539 587 2624 priuilegio
614 2539 812 2608 confirmare.
838 2540 982 2620 Quarum
1007 2538 1136 2623 quidem
1162 2540 1246 2605 litte·

22 2731 24 2738 γ
118 2665 224 2712 rarum
246 2653 340 2714 tenor
356 2648 433 2715 talis
449 2655 516 2715 cst:

221 2753 292 2821 Nos
307 2756 481 2823 Ladizlaus
499 2757 538 2822 D.
556 2777 602 2840 gr.
618 2757 687 2822 Rex
704 2757 847 2842 Vngaric
866 2757 928 2824 stb.
956 2755 1165 2840 (kbvetkeailr
1190 2755 1244 2822 IV.
1355 2771 1356 2774 ’

22 2849 24 2954 ξ
117 2861 231 2928 bbszlb
264 2863 375 2950 kirtly
405 2866 543 2933 1284-ki
561 2866 736 2953 okmbnya,
768 2867 848 2932 mint
878 2865 1159 2952 gyujtemenyunk
1186 2863 1244 2928 IX.

22 2965 24 3004 ÷
118 2971 232 3053 vagyis
251 2971 436 3038 amasodik
452 2971 576 3059 folyam
593 2971 645 3040 IV.
661 2973 833 3039 kole-tehen
849 2975 924 3040 391.
942 2971 977 3056 l.)

219 3077 290 3144 Nos
317 3097 394 3145 nero
421 3077 637 3165 predictorum
662 3080 825 3165 hospitum
860 3087 1040 3146 nostrorum
1066 3079 1246 3164 peticiones

22 3263 23 3266 Ἴ
117 3182 354 3253 considerantes
370 3205 442 3253 esse
458 3207 553 3267 ueras
570 3195 668 3271 atque
684 3190 799 3274 iustas,
817 3189 981 3274 predictas
1007 3188 1129 3252 litteras
1146 3186 1244 3270 Regis

78 3335 81 3340 -
117 3287 260 3358 Ladinlai
276 3312 341 3358 non
358 3301 536 3379 suspectas,
554 3304 619 3362 non
638 3297 848 3382 cancellatas,
867 3316 930 3363 non
960 3296 1107 3378 abrasas,
1124 3312 1185 3358 nec
1211 3293 1244 3358 in

117 3395 222 3480 aliqua
238 3401 290 3466 sni
307 3408 401 3486 parte
417 3401 563 3487 uiciatas,
583 3401 623 3469 de
640 3404 736 3469 uerbo
754 3403 797 3468 ad
814 3405 946 3470 uerbum
962 3399 1170 3486 presentibus
1198 3399 1244 3464 in·

120 3512 228 3592 senas,
245 3509 427 3592 patrocinio
443 3510 555 3596 scripti
574 3511 736 3596 presentis
762 3509 911 3576 duximus
929 3506 1175 3574 confirmandas.
1202 3505 1240 3570 In

117 3612 200 3678 cuius
216 3617 263 3679 rei
280 3617 497 3682 testimoninm
523 3624 692 3703 presentes
717 3617 840 3684 eisdem
867 3615 1084 3684 concessimus
1110 3614 1236 3679 litteras

119 3714 275 3802 dupplicis
293 3721 392 3805 sigilli
410 3723 511 3790 nostri
528 3726 706 3794 munimine
723 3726 897 3791 roboratas.
908 3725 1027 3790 Datum
1044 3742 1103 3807 pcr
1118 3741 1233 3788 manns

118 3821 241 3893 discreti
259 3827 320 3894 uiri
346 3830 493 3914 Magistri
524 3831 685 3899 Theodori
718 3833 869 3900 Albensis
902 3831 1047 3898 Ecclesia
1077 3827 1236 3912 Propositi

118 3931 186 3997 aule
201 3941 309 4002 nostre
325 3935 617 4026 Viae-Gencellarij
635 3939 745 4006 dilecti
762 3948 793 4006 et
808 3939 914 4006 fidelis
939 3938 1041 4004 nostri
1060 3957 1144 4003 auno
1168 3937 1231 4000 Do·

22 4125 24 4134 y
116 4037 188 4105 mini
212 4042 333 4110 Μ”ΟΟὓ
358 4045 569 4128 nonagesimo
599 4048 702 4132 primo
735 4049 829 4122 nonis
854 4046 1017 4129 lanuarij‚
1048 4042 1233 4109 indiccione

22 4169 23 4174 ¹
118 4156 233 4232 quarta,
252 4149 360 4234 Regni
377 4159 486 4220 autem
503 4155 607 4222 nostri
622 4175 711 4223 anno
727 4156 840 4242 primo.

117 4356 241 4421 (Erodetie
254 4363 430 4432 borhtrtyan,
444 4369 559 4435 melyrdl
574 4387 591 4420 a
603 4369 694 4438 kirtly
707 4372 885 4439 pocsetj'dnslr
907 4369 1035 4423 tbrcddke
1059 4364 1233 4429 voror-lolit-

196 4454 254 4505 zbld
268 4455 496 4520 selyemnsindrcn
510 4459 594 4525 illm
615 4463 726 4514 abudai
739 4459 788 4513 kir.
814 4464 936 4514 kamaraci
950 4457 1140 4526 lcvdltdrban.)
