3180 5202
587 352 747 452 Lol—
847 305 849 314 .

2 548 3 590 l
92 541 240 624 Vngarie
256 541 319 608 stb.
354 541 568 626 (ktretlrenik
598 545 800 614 Thomasins
817 565 837 612 a
853 546 964 633 kirtly
987 551 1160 638 enyjtnsk
1177 572 1231 636 ps·

97 667 229 734 rancsa,
246 647 327 716 mint
344 647 478 716 fentebb
495 653 572 720 248.
589 671 633 718 ss.
649 655 694 736 a.)

97 784 104 808 ·
206 755 1239 844 NositaquemandatisetpreceptisUesuusxeellenoicsatis-

2 919 3 922 ,
94 861 209 928 facere
226 861 375 929 exdebito
400 870 431 929 et
455 884 495 930 ex
515 872 590 932 uoto
617 867 791 952 cupientes,
810 874 845 933 ut
860 873 1014 953 tenemur,
1032 888 1105 935 eum
1119 867 1233 935 eodem

93 968 280 1036 Laurencio
300 970 430 1036 homine
449 978 560 1038 uestro
586 993 682 1038 vnum
702 994 742 1038 ex
758 973 851 1039 nobis
877 972 981 1039 virum
1008 975 1169 1057 ydoneum
1187 973 1231 1041 ad

2 1085 3 1144 ἐ
91 1077 257 1160 premissa
282 1074 459 1159 diligenter
489 1078 712 1162 exequendum
739 1079 999 1162 transmisimus3
1028 1079 1085 1162 qui
1104 1080 1234 1164 quidem·

2 1219 3 1274 3
96 1185 194 1248 homo
236 1189 345 1248 uester
380 1189 413 1248 et
444 1190 563 1263 ‚noster
603 1185 732 1250 demum
765 1185 808 1250 ud
838 1203 898 1251 nos
930 1183 1101 1252 redeuntes
1139 1187 1232 1254 nobis

2 1292 3 1372 i
95 1287 278 1354 retulerunt
294 1289 474 1356 uiuanoee:
500 1287 586 1372 quod
603 1289 686 1356 sieut
701 1291 765 1374 ipsi
782 1309 839 1374 per
854 1289 1089 1358 clandestinam
1107 1299 1139 1358 et
1153 1295 1236 1377 pub·

2 1388 3 1456 l
96 1383 204 1462 licens·
213 1393 460 1476 inquisicionem
480 1393 602 1460 factum
620 1416 640 1460 a
655 1397 735 1461 riris
751 1395 914 1462 nobilibus
930 1403 962 1461 et
977 1397 1233 1482 comprouincia·

2 1540 4 1557 r
95 1501 196 1588 libus,
214 1513 246 1569 et
265 1501 341 1586 alijs
359 1503 582 1569 communibus
608 1501 792 1570 hominibus
817 1511 904 1570 certo
931 1507 1053 1571 cercius
1078 1505 1161 1572 scire
1177 1527 1234 1592 pov

2 1597 4 1607 '
95 1617 241 1691 luerunt,
257 1607 423 1694 predictus
447 1608 562 1676 Oomes
587 1611 770 1677 Demetrius
796 1609 958 1677 dominica
983 1611 1035 1677 die
1059 1620 1233 1696 prenotata

93 1715 269 1801 veniendo,
288 1716 528 1800 possessionem
554 1715 620 1783 iam
645 1717 803 1782 diciorum
818 1717 956 1783 liliorum
973 1720 1140 1804 Lamperti
1155 1719 1230 1785 'Pul-

95 1843 174 1888 msn
192 1831 355 1906 uocatam,
374 1821 466 1888 bonis
481 1822 630 1889 omnibus
655 1823 831 1890 mobilibus
852 1831 885 1891 et
900 1844 958 1908 per
974 1843 1009 1892 se
1025 1823 1233 1893 monentibus

2 1978 4 2015 p
94 1929 245 1996 indebite
260 1929 467 2017 destruendo,
492 1929 706 2016 spoliassent;
725 1931 815 1997 viros
842 1937 874 1996 et
890 1931 1059 2015 mulieres,
1084 1930 1246 2016 virgines

2 2116 4 2142 γ
95 2048 128 2105 et
145 2038 276 2122 viduas,
292 2035 326 2103 in
343 2034 456 2104 eadem
473 2038 681 2124 possessione
697 2045 934 2105 commorantes
950 2037 1156 2125 denudando,
1173 2037 1231 2103 mi-

2 2151 11 2229 ρ,
95 2145 282 2212 serabilitcr
298 2151 414 2211 contra
428 2143 533 2211 Deum
549 2151 582 2214 et
598 2147 668 2212 cius
680 2145 846 2231 Justiciam
871 2143 1100 2221 detrectandm
1119 2141 1228 2228 fruges

2 2234 6 2312 l
96 2269 210 2318 eornm
228 2251 320 2336 equis
337 2252 523 2338 spargendo
534 2304 555 2340 ,.
570 2260 603 2320 et
628 2252 776 2322 residuas
792 2252 1008 2339 asportand03
1042 2260 1075 2318 et
1091 2251 1231 2338 capillos

2 2424 3 2438 ,
97 2362 197 2428 unius
216 2356 404 2444 jobagicnis
429 2362 480 2426 sui
512 2346 716 2428 demecendo.
743 2357 832 2438 Ques
857 2357 986 2446 quidem
1008 2359 1229 2446 spolieciones

2 2450 16 2490 ²'
99 2467 264 2551 virginum
280 2476 313 2533 et
330 2465 513 2552 viduarum,
538 2487 578 2534 ac
593 2467 782 2554 capillorum
807 2467 990 2552 iobagionis
1005 2467 1148 2552 ipsorum
1164 2465 1231 2534 dis·

12 2583 16 2590 '
98 2575 304 2658 eipscionern
320 2573 405 2642 idem
426 2576 521 2643 homo
536 2585 645 2643 uester
668 2583 701 2643 et
716 2583 826 2646 noster
850 2575 972 2644 uidisse
988 2581 1062 2644 sunt
1078 2573 1229 2662 confessi,

98 2691 131 2748 et
147 2681 257 2748 adhuc
274 2681 451 2750 descensus
474 2682 578 2768 ipsius
594 2683 729 2751 Comitis
745 2682 902 2769 Demetrij
920 2683 955 2749 in
971 2681 1086 2751 eadem
1102 2700 1233 2768 posses·

98 2789 193 2854 sione
208 2788 380 2874 reliquisse
390 2789 602 2856 affirmarunt.
612 2788 850 2856 Nichilominus
865 2788 950 2857 feria
959 2787 1232 2874 quintaproxima

98 2905 177 2962 ante
191 2897 312 2962 festum
333 2895 445 2963 Sancti
460 2897 592 2963 Martini
610 2896 743 2964 citasset
773 2897 867 2962 oculo
893 2894 937 2960 ad
953 2894 1080 2961 oculum
1104 2892 1139 2959 in
1155 2895 1232 2978 ipsa

98 3005 304 3089 possessione
321 3003 478 3070 Comitem
492 3002 704 3088 Demetrium,
722 3002 912 3070 Michaclem
938 3001 1038 3068 lilium
1055 2999 1231 3086 Dominici,

98 3112 283 3180 iohannem
299 3111 410 3196 Kopoz
426 3109 555 3197 dictum,
572 3113 648 3178 item
674 3111 814 3188 Petrum,
830 3110 1002 3176 Nicolaum
1017 3107 1119 3172 lilium
1135 3105 1230 3192 Bala,

102 3225 135 3288 et
149 3221 250 3288 alium
266 3220 367 3287 lilium
385 3219 499 3304 Cheng
509 3243 517 3304 ς
529 3242 531 3250 ·
543 3220 620 3286 item
638 3239 678 3286 ex
694 3218 909 3287 seruientibus
925 3214 1072 3298 Magistri
1088 3213 1232 3278 Lurrrcn·

99 3329 140 3414 cij
158 3329 376 3396 Bencencium
392 3327 434 3393 de
449 3327 632 3410 Bencench‚
648 3326 807 3394 Jacobum
824 3325 936 3410 Zuoph
952 3325 1091 3400 dictum,
1108 3321 1232 3387 lolian-

2 3523 3 3526 Ἴ
100 3457 173 3502 nem
191 3442 342 3520 nepotem
358 3433 489 3502 Tarcho
504 3436 538 3501 in
554 3434 669 3503 Uestre
687 3433 921 3517 Magnitudinis
931 3430 1134 3516 presenciam
1145 3446 1231 3494 com-

77 3540 82 3547 “
101 3543 251 3628 parendi,
276 3543 410 3609 terciam
436 3541 551 3608 leriam
567 3540 748 3628 proximam
764 3548 838 3626 post
854 3538 970 3607 testum
987 3537 1098 3604 Sancti
1111 3533 1231 3601 Briceii

103 3649 303 3719 confessoris
322 3671 380 3736 pro
405 3650 545 3717 termino
572 3651 782 3735 assignando.
811 3649 931 3716 Datum
957 3652 992 3716 in
1015 3647 1099 3715 sesto
1118 3643 1232 3712 Sancti

2 3807 3 3820 ,
102 3757 220 3826 Briceii
238 3757 440 3824 confessoris.

105 3953 211 4021 (istuis
226 3971 315 4012 eomes
337 3952 578 4022 alorssrlgblronalr
603 3955 713 4004 luco-rt
726 3950 938 4006 iteletleveleblll
963 3953 1032 4003 mint
1043 3946 1154 4002 fontebb
1168 3947 1230 4001 256.

581 4039 654 4094 saum
668 4043 757 4109 alatt.)

559 4327 775 4340 m

146 4711 250 4748 nonum
268 4711 349 4748 nuso.
366 4711 437 4749 assu.
456 4721 494 4732 -
512 4711 622 4748 nuncu.
652 4705 686 4748 18.
