3124 5194
667 1032 742 1101 184.

110 1235 148 1300 A
169 1238 266 1301 odem
280 1233 503 1321 kdptalaaaalr
518 1231 792 1319 lampacptearle,
806 1237 888 1321 bopy
905 1233 1022 1302 Sotadi
1055 1234 1165 1302 Errdre
1190 1260 1264 1304 mer·

106 1353 178 1424 -ter,
195 1366 213 1409 s
230 1340 370 1407 Kadoi-i
385 1339 505 1406 mltos
521 1361 620 1405 comcs
638 1339 670 1405 dr
685 1338 894 1425 traiecerat,
912 1341 1065 1408 abbatitio
1093 1344 1256 1432 Kaarraep

111 1447 388 1536 helyadpreadzve
407 1446 530 1512 tdmadt
545 1446 811 1534 eqyeaetleasdpek
836 1449 1176 1516 discedentesque
1202 1454 1260 1516 νά-

549 1554 726 1619 lasatottek.
744 1555 840 1625 1295.

234 1749 302 1822 blos
319 1749 507 1834 Capitulum
527 1747 670 1815 Ecclesie
687 1748 858 1816 Vaeieusis
884 1749 1000 1818 (lamus
1025 1772 1083 1838 pro
1107 1751 1262 1818 memoria

117 1859 212 1943 quod
227 1857 383 1940 Magister
399 1856 546 1924 Andreas
562 1856 648 1924 lilius
663 1857 817 1946 Nyeolay
833 1858 875 1926 de
890 1859 991 1926 Seiud
1007 1862 1050 1927 ab
1065 1878 1133 1926 vna
1148 1863 1254 1946 parte;

116 1967 242 2034 Comes
259 1965 416 2050 Njcolaus
433 1963 474 2030 de
489 1964 600 2050 Kuari,
618 1974 651 2030 et
666 1964 800 2031 Alexius
816 1965 903 2034 lilius
919 1965 1078 2034 Felieiaui
1104 1967 1144 2033 de
1172 1967 1258 2034 (lba-

117 2073 228 2139 lamia
246 2092 286 2138 ex
306 2073 419 2156 altera,
438 2091 546 2138 coram
563 2073 658 2138 uobis
674 2074 893 2157 personaliter
908 2077 1077 2144 constituti
1093 2081 1169 2142 sunt
1184 2093 1258 2140 con·

115 2181 215 2266 sessi,
233 2180 321 2265 quod
338 2178 372 2245 in
389 2197 498 2263 eausa,
517 2197 616 2260 quam
632 2179 795 2264 predictus
811 2183 967 2266 Magister
982 2183 1130 2250 Andreas
1157 2201 1256 2268 super

116 2285 265 2372 quadam
281 2293 369 2352 terra
384 2287 539 2368 Koarzeg
549 2293 665 2352 uocata
676 2285 782 2354 (lastri
800 2287 925 2357 seilicet
939 2291 1047 2377 Regij,
1065 2291 1197 2357 nomine
1208 2288 1259 2358 sui

116 2395 203 2461 iuris
220 2414 319 2479 super
333 2393 423 2478 ipsos
439 2393 637 2476 requirebat,
655 2413 712 2480 per
729 2395 1003 2481 composicionem
1020 2397 1192 2484 proborum
1211 2397 1257 2463 vi·

116 2523 230 2570 rorum
247 2502 359 2569 taliter
375 2501 645 2569 concordassent:
661 2502 747 2585 quod
762 2504 797 2569 in
813 2505 985 2588 quindenis
996 2505 1159 2591 Giuerum,
1170 2503 1256 2570 dicun

117 2631 187 2679 non
199 2607 419 2694 crastinando,
437 2609 469 2673 in
487 2607 571 2676 villa
581 2609 738 2675 Gormoth
754 2611 962 2695 presentibus
972 2611 1128 2697 Magistro
1139 2599 1255 2676 Furca-

118 2721 168 2785 sio
180 2719 251 2785 filio
262 2717 399 2800 Fullrus,
412 2717 534 2782 Gemite
546 2715 695 2803 Nyeolao
705 2716 771 2782 filio
781 2719 896 2806 Jacou,
907 2721 1064 2804 Magistro
1073 2717 1256 2786 Laureucio

120 2824 161 2890 de
178 2823 303 2911 Scyud,
321 2831 354 2890 et
369 2823 492 2890 Gemite
509 2821 674 2908 Stephano
690 2823 757 2890 filio
773 2824 857 2912 Aba,
874 2844 914 2892 ac
940 2845 1004 2891 ruo
1029 2825 1101 2892 uiro
1125 2825 1254 2910 ydoneo

119 2951 160 2998 ex
176 2933 286 3019 uobis,
304 2950 385 3015 qnos
401 2935 511 3016 partes
527 2931 738 2998 communiter
754 2930 918 2998 adducent
933 2934 1029 2999 ambe
1054 2940 1173 3018 partes,
1191 2951 1255 2998 onr-

121 3043 179 3107 nia
196 3039 374 3126 priuilegia
390 3043 423 3105 et
439 3038 653 3104 iustrumenta
669 3039 812 3122 ipsorum
829 3059 928 3124 super
943 3041 1016 3124 ipsa
1032 3050 1121 3107 terra
1148 3040 1254 3107 coufe-

119 3153 175 3213 eta
194 3145 325 3213 iisdem
341 3144 505 3212 nobilibus
521 3145 730 3234 exhibebunt,
748 3153 781 3212 et
797 3145 895 3230 ijdem
911 3147 1036 3214 nobiles
1053 3147 1134 3212 uisis
1159 3145 1255 3234 priui-

118 3255 219 3339 legijs
236 3259 269 3320 et
283 3253 504 3320 instrumentis
520 3253 677 3342 parcium,
709 3254 879 3322 arbitrium
903 3253 1024 3321 facient
1048 3259 1133 3321 inter
1156 3255 1255 3340 ipsos,

120 3371 153 3428 et
170 3363 262 3430 euius
279 3361 383 3447 partis
399 3361 535 3428 meliora
550 3363 604 3426 uel
631 3361 791 3429 ualidiora
815 3361 934 3428 inerint
959 3363 1185 3447 iustrumenta,
1212 3359 1254 3426 ei·

121 3471 196 3536 dcnr
213 3471 380 3536 remittent
396 3488 454 3552 per·
472 3467 601 3535 modum
618 3469 764 3554 arbitrij,
789 3470 875 3536 siout
906 3471 940 3534 iu
972 3468 1156 3555 priuilegiJ‘s
1182 3485 1254 3536 cou-

120 3580 252 3662 tinetur‚
271 3579 376 3663 ipsam
391 3583 510 3644 terram
527 3577 776 3662 possidendam
792 3579 1010 3645 instrumenta
1025 3599 1104 3647 uero
1120 3597 1177 3646 scu
1188 3579 1250 3664 pri·

121 3683 248 3770 uilegia
265 3684 423 3751 debiliora
438 3683 541 3770 partis
559 3683 697 3752 aduerso
713 3686 838 3753 cassari
854 3684 977 3753 sacient
992 3685 1063 3773 ipso
1073 3685 1127 3752 die
1138 3691 1253 3755 etecu-

122 3791 231 3876 sringi.
249 3791 284 3858 Si
302 3812 367 3876 qua
383 3813 462 3860 uero
488 3793 634 3878 parcium
660 3795 828 3860 arbitrium
852 3794 1069 3878 predictorum
1094 3791 1253 3860 nobilium

123 3919 187 3965 non
204 3905 407 3986 aeuqrtaret3
433 3905 554 3968 extunc
580 3920 657 3988 pars
683 3901 725 3967 de
749 3901 822 3985 ipso
848 3899 984 3967 arbitrio
1010 3901 1159 3968 resiliens
1183 3897 1253 3965 sine

122 4010 277 4098 porcione
289 4007 411 4090 judicia
428 4016 505 4075 aute
518 4007 586 4078 litis
619 4009 800 4094 ingressum
817 4009 901 4094 parti
917 4009 1055 4076 aduerse
1081 4005 1252 4074 arbitrium

123 4116 289 4185 tollerauti
305 4115 544 4199 quinquaginta
559 4135 686 4183 marcas
703 4117 830 4183 soluere
855 4122 1027 4182 teneretur.
1053 4113 1105 4181 Ita
1130 4121 1251 4203 tamen,

122 4225 208 4311 quod
224 4224 253 4291 si
268 4223 407 4308 predicti
422 4224 635 4292 arbitratores
652 4221 717 4310 ipsi
733 4223 867 4292 arbitrio
883 4244 997 4292 omues
1012 4223 1171 4292 iuteresse
1186 4243 1251 4290 nou

6 4335 7 4340 ’
123 4339 274 4418 possent;
293 4337 409 4399 extuue
425 4329 490 4398 duo
515 4353 557 4402 ex
583 4331 704 4400 eisdem
732 4333 785 4399 uel
811 4337 876 4398 tres
901 4331 1064 4398 sufficient
1089 4331 1252 4400 arbitrari

124 4439 305 4507 Voluerunt
321 4441 436 4526 eciam,
454 4441 542 4524 quod
557 4440 584 4508 si
601 4461 666 4526 qua
680 4439 825 4526 parcium
853 4441 960 4526 ipsum
983 4439 1153 4508 arbitrium
1177 4459 1251 4507 cum

123 4546 242 4616 litteris
257 4547 381 4617 domiui
397 4548 496 4633 Regis
512 4556 543 4616 et
558 4549 694 4634 Regino,
711 4549 765 4616 uel
781 4547 945 4630 aliquibus
970 4548 1194 4616 occasionibus
1220 4553 1252 4617 et

122 4656 252 4724 racione
268 4657 430 4724 exereitus
445 4677 619 4744 prorogare
635 4658 807 4740 niteretur;
828 4662 946 4724 extunc
961 4657 994 4722 in
1006 4655 1250 4742 predictapeua
