3132 5192
843 357 1008 457 ..m-2-

359 551 562 635 progreditur
577 559 609 618 et
624 551 741 618 transit
757 554 923 635 quandam
938 551 1106 632 silnnlam,
1123 546 1296 615 deseendit
1311 548 1344 614 in
1360 545 1472 634 vallem,

359 677 455 742 quam
472 658 645 743 pertransit
662 658 770 725 adhue
785 660 828 726 ad
845 658 1021 746 meridiem,
1040 665 1072 724 et
1088 657 1180 725 vadit
1196 676 1299 741 nsque
1324 653 1367 721 ad
1391 674 1474 720 mam

358 767 507 834 arborem
522 765 633 852 bylfa,
648 764 681 831 in
697 787 763 850 qna
779 775 828 834 est
843 787 922 834 ornx
937 769 1063 851 posita;
1091 763 1304 832 aseendendo
1329 765 1361 828 in
1387 762 1471 828 berei
1553 823 1554 828 ,

359 874 458 940 onrrit
474 893 576 958 vsqne
591 872 634 939 ad
649 883 776 960 pratnm
808 875 993 942 Tomalnka
1009 881 1158 942 voeotom
1174 871 1217 939 ad
1233 872 1369 957 fontem,
1389 887 1475 955 snpra
1552 945 1554 958 ἦ

360 1001 456 1065 quem
473 989 523 1049 est
539 985 635 1050 arhor
654 983 740 1068 pomi
756 983 883 1068 posita3
910 983 1029 1050 dehine
1052 979 1200 1049 aseendit
1216 981 1250 1046 in
1265 979 1407 1064 quodam
1428 999 1473 1062 po

359 1087 427 1176 toln,
443 1107 611 1174 perquem
628 1091 729 1176 potok
746 1091 849 1157 tendit
865 1091 1013 1176 superins
1031 1110 1131 1173 voque
1147 1087 1190 1155 ad
1206 1095 1307 1173 eaput
1324 1085 1476 1171 eiusdem

274 1229 278 1236 ·
357 1195 397 1262 ‹le
413 1198 503 1263 coins
529 1201 636 1285 eapite
660 1221 788 1286 semper
812 1199 855 1266 ad
880 1199 1050 1268 meridiem
1076 1200 1178 1267 tendit
1202 1219 1304 1284 vsqne
1329 1199 1373 1264 ad
1399 1201 1479 1282 alpes

357 1324 504 1387 magnas,
521 1307 562 1371 tle
579 1306 695 1387 quibus
711 1307 842 1391 alpibus
858 1309 996 1376 reflectit
1012 1329 1049 1374 se
1065 1308 1108 1375 atl
1133 1307 1345 1386 occidentem,
1374 1314 1405 1372 et
1427 1305 1472 1370 tle·

356 1412 484 1478 soendit
500 1412 533 1476 in
550 1421 647 1498 eaput
663 1414 752 1499 finnij
778 1414 931 1500 Lnbelle,
962 1435 1019 1498 per
1044 1435 1140 1498 quem
1159 1413 1293 1479 flnninm
1319 1410 1478 1480 deseendit
1552 1409 1554 1412 ’

358 1519 491 1585 inferius
517 1541 617 1604 vsqne
629 1521 671 1585 ad
681 1522 818 1606 primum
835 1523 951 1609 loenm,
969 1530 1000 1587 et
1016 1523 1061 1588 ibi
1072 1521 1275 1589 terminatur.
1297 1523 1365 1587 Nos
1389 1520 1478 1602 igitur
1552 1575 1553 1578 ,

356 1626 600 1694 considerantes
610 1628 766 1712 obsequia
790 1627 901 1696 fidelia
917 1629 1061 1697 eiusdem
1082 1631 1182 1713 Petri,
1192 1631 1226 1696 in
1243 1631 1362 1712 quibus
1379 1645 1475 1692 eoram
1553 1631 1554 1682 ξ

356 1732 457 1798 oeulis
468 1741 576 1800 nostre
587 1734 766 1801 Maiestatis
777 1735 1003 1821 multiplieiter
1016 1732 1474 1819 meruitcomplacere‚diotam
1553 1745 1554 1748 ’

353 1851 471 1908 tomam
489 1861 545 1907 seu
557 1841 666 1907 villam
678 1840 860 1908 Chermona
870 1851 1021 1910 vocatam
1035 1845 1067 1908 in
1078 1845 1211 1926 prolixis
1222 1846 1317 1909 metis
1327 1850 1359 1907 et
1370 1841 1475 1908 limitat
1553 1873 1554 1926 3

353 1947 498 2014 oionibos
510 1945 665 2031 dedimus,
682 1947 875 2015 donanimns
893 1959 924 2016 et
949 1949 1140 2032 reliquimus
1156 1971 1196 2016 ae
1221 1949 1413 2015 contulimus
1438 1947 1473 2010 ri·

353 2055 425 2120 dem
436 2054 542 2136 Petro,
554 2062 586 2120 ot
597 2075 653 2138 per
663 2073 734 2120 enm
746 2057 815 2122 suis
826 2057 998 2123 heredibus
1008 2055 1473 2138 horednmqnesnooessoribns
1553 2063 1554 2136 ξ

352 2166 420 2230 iuro
431 2171 585 2248 perpetuo
597 2164 896 2231 etir·r·euoeabiliter
908 2163 1471 2250 possidendamethabendamlnen·

354 2269 458 2338 insrei
475 2273 660 2337 memoriam
677 2273 923 2355 firmitatemque
934 2280 1120 2358 perpetuam
1131 2272 1174 2337 ad
1185 2271 1378 2338 instanciam
1397 2269 1471 2334 eins·
1553 2255 1554 2260 ἵ

351 2380 422 2443 olem
439 2379 526 2443 Petri
538 2385 703 2464 presentes
719 2380 937 2446 oonoessimus
948 2379 1075 2446 litteras
1087 2379 1258 2465 dnppliois
1268 2379 1364 2462 sigilli
1375 2375 1467 2442 nostri

350 2483 526 2549 monimine
544 2487 722 2552 roboratas.
739 2488 858 2552 Datum
875 2507 933 2570 por
951 2507 1065 2552 manns
1081 2487 1282 2552 venerabilis
1298 2485 1356 2552 viri
1372 2489 1403 2549 et
1427 2482 1467 2546 di-

351 2592 448 2659 sereti
479 2591 626 2674 Magistri
657 2591 820 2659 Theodori
849 2595 1009 2678 Prepesiti
1035 2593 1188 2660 aloensis
1220 2593 1367 2659 Ecclesio
1398 2591 1466 2654 anle
1550 2563 1554 2678 l

348 2707 455 2768 nostre
473 2700 760 2784 Viae-Cancellarij
779 2701 884 2768 fidelis
903 2709 936 2768 et
952 2702 1063 2769 ‹lileoti
1088 2703 1203 2786 nostri,
1229 2721 1317 2766 anno
1345 2695 1463 2764 Domini
1553 2699 1554 2784 ζ

348 2809 520 2874 millesimo
536 2807 755 2874 drieentesimo
772 2811 982 2891 nonagesimo
998 2809 1108 2894 teroio,
1127 2807 1231 2891 Regni
1248 2813 1355 2874 antem
1373 2803 1464 2871 nostri

349 2937 434 2981 anno
450 2915 559 2982 tercio.
1552 2917 1554 2928 ’

345 3114 483 3177 (Eredetie
497 3127 528 3164 aa
541 3110 707 3176 Okolem'nnyi
723 3075 819 3163 neellel
834 3111 1028 3166 lovelto'trt'tbon.
1044 3112 1130 3165 Nlliai
1145 3113 1285 3178 Saontnph
1300 3111 1395 3164 Daniel
1409 3114 1462 3162 kor-
1553 3167 1554 3170 Ἴ

841 3204 984 3269 lomense.)
1097 3209 1101 3216 '

800 3487 982 3496 -a—m.
1001 3491 1008 3496 ⁴
