3132 5192
550 989 602 1056 ta.

13 1151 66 1216 III.
81 1151 193 1214 Ere-‘ire
212 1150 320 1234 kiroilp
336 1149 507 1229 tectisve,
534 1150 589 1215 leid·
613 1149 691 1214 elien
717 1174 738 1214 a
754 1151 877 1235 lciro'lyi
902 1152 987 1218 ordei
1015 1151 1137 1218 csdszdle

15 1258 255 1323 terreret-eraserat
272 1259 458 1338 i-nditottak‚
476 1257 631 1322 Heca-che
648 1256 744 1344 folyo‘
775 1259 906 1324 molietri
928 1260 1137 1325 corocottae

421 1369 607 1451 mepcrdsr'tc'.
636 1365 734 1430 1293.

110 1525 267 1592 Andreas
300 1524 361 1591 Dei
401 1525 513 1608 gracia
554 1525 720 1610 Hungarie
732 1556 755 1613 ,·
774 1527 964 1612 Dalmacie,
996 1527 1141 1612 Oroacie,

16 1635 116 1717 Reme,
150 1633 282 1719 Seruis,
315 1632 473 1720 Gallicis,
505 1633 706 1720 Lodomerie,
739 1633 894 1703 Cumanis
925 1635 1144 1720 Bulgarieque

16 1740 77 1806 Rex
101 1743 259 1808 omnibns
284 1741 403 1808 Christi
430 1741 579 1808 fidelibus
604 1750 787 1828 presentem
804 1744 958 1829 paginam
986 1743 1146 1830 inspectu·

18 1849 55 1914 ris
78 1849 219 1916 salutem
255 1849 289 1914 in
313 1850 453 1916 omnium
479 1849 711 1916 saluatorertd
736 1851 964 1916 uniuersorum
989 1851 1143 1916 noticiam

17 1963 117 2022 tenore
135 1955 344 2040 presencium
362 1958 510 2024 volumus
527 1957 715 2043 peruenire:
732 1957 907 2041 quodcum
934 1956 1031 2043 Mykc
1057 1957 1143 2023 filius

17 2065 131 2148 Radun,
150 2064 349 2132 Benedictus
365 2073 398 2131 et
413 2065 529 2132 fratres
546 2066 597 2132 sni
612 2065 669 2151 filij
696 2065 848 2150 Medeon,
865 2066 1024 2152 Phylipns
1056 2067 1143 2132 filius

17 2171 129 2238 Thome
146 2181 179 2238 et
197 2174 320 2239 fratres
337 2174 489 2261 eiusdem,
507 2175 537 2238 N
538 2174 673 2258 ycolaus
697 2173 785 2239 tilius
803 2174 953 2257 Woikan,
981 2179 1014 2240 ct
1038 2173 1144 2257 Byton

20 2297 53 2342 ac
66 2277 180 2346 fratres
196 2282 307 2366 ipsius
322 2280 380 2365 filij
399 2283 511 2368 Tobie‚
528 2267 585 2366 p‘er
602 2281 751 2348 custodes
777 2281 933 2348 siluarum
959 2287 1144 2346 nostrarum

21 2383 55 2450 dc
67 2385 182 2455 Badnrr
199 2408 304 2473 super
320 2387 461 2472 quadam
477 2389 640 2474 particula
656 2396 740 2456 terre
751 2391 893 2474 ipsomm
904 2391 994 2454 iuxta
1004 2387 1138 2454 fluuium

21 2491 177 2560 Heberehe
210 2495 382 2564 existentis
407 2497 628 2582 inpeterentur
654 2515 760 2564 coram
795 2496 906 2563 uobis:
931 2502 1038 2560 tamon
1062 2495 1142 2577 quia

24 2600 262 2690 psosMykam,
280 2605 502 2692 Benedictum,
514 2604 699 2690 Phylipum‚
716 2601 1144 2689 etaliosfratrespredictos
1262 2665 1267 2678 ,

25 2707 132 2796 fideles,
152 2711 254 2777 utiles
271 2719 302 2777 ct
317 2713 518 2779 necessarios
534 2719 644 2779 nostre
659 2710 835 2798 Maiestati,
851 2712 982 2778 racione
1009 2730 1139 2777 suorum

24 2817 219 2886 semiciorum
239 2819 336 2885 nobis
352 2818 490 2887 fideliter
515 2821 721 2904 inpensarum
750 2825 782 2886 et
806 2817 1084 2904 inpendendorum
1110 2817 1144 2882 in

24 2919 162 3011 futurum,
179 2926 254 2992 fore
281 2927 532 3013 considerantes,
559 2927 665 3013 ipsam
691 2927 885 3012 particulam
902 2933 994 2994 terre
1020 2924 1141 2992 eisdem

26 3028 160 3098 duximus
177 3033 440 3116 relinquendam.
457 3035 524 3101 Sed
540 3034 618 3117 qnia
634 3035 728 3102 uobis
743 3035 785 3101 de
800 3036 959 3118 qualitate
984 3041 1016 3100 et
1040 3055 1139 3116 quan·
1184 3099 1186 3104 ,

27 3134 105 3203 tituto
121 3139 208 3207 dicte
224 3148 311 3206 terre
327 3141 448 3208 veritas
463 3163 527 3208 non
546 3141 726 3226 constabat,
741 3143 831 3208 fideli
855 3147 963 3208 nostro
990 3140 1144 3224 Magistro

30 3241 179 3312 Demetrio
197 3249 316 3315 Comiti
335 3249 374 3316 dc
393 3251 509 3316 Zolum
525 3249 673 3317 dedimus
690 3251 723 3315 in
741 3247 914 3333 mandatis,
931 3255 967 3314 ut
983 3268 1055 3314 cum
1081 3249 1146 3314 Ma·

30 3349 118 3430 gistro
142 3357 241 3426 Petro
266 3355 355 3422 fideli
381 3357 499 3424 clerico
525 3365 635 3425 nostro
661 3379 760 3424 unum
785 3357 945 3424 hominem
971 3374 1063 3421 suum
1088 3373 1147 3438 pro

32 3459 204 3529 testimonio
222 3465 364 3530 mitteret
389 3465 598 3550 fidedignum,
615 3485 722 3532 coram
739 3485 803 3550 quo
818 3463 903 3531 idem
919 3464 1014 3532 homo
1039 3469 1147 3530 noster

29 3569 253 3638 roambulando
269 3571 375 3658 ipsam
404 3573 598 3657 particulam
625 3581 719 3663 terre,
746 3581 777 3640 et
802 3594 903 3641 nouas
927 3580 1030 3639 metas
1056 3572 1147 3639 iuxta

31 3679 142 3743 veteres
159 3679 323 3763 erigendo,
341 3680 526 3746 innouando
543 3681 645 3747 eciam
662 3689 765 3748 metas
782 3685 866 3748 terre
890 3680 1032 3767 ipsorum
1058 3678 1147 3745 here·

27 3779 128 3850 ditaris
143 3788 226 3852 inter
242 3787 359 3854 fluuios
376 3789 562 3854 Warauista
578 3797 610 3855 et
626 3789 776 3856 Lococha
793 3793 926 3855 uocatas
943 3787 1140 3872 adiacentis,

30 3893 219 3968 presentibus
238 3893 385 3962 omnibus
402 3893 633 3963 commetaneis
650 3905 682 3962 et
697 3895 813 3963 ricinis
839 3901 996 3962 statueret
1021 3891 1141 3959 eisdem

30 3997 114 4080 Myko
131 4011 162 4068 ct
179 4003 335 4070 fratribus
352 4003 419 4070 suis
436 4004 603 4090 predictis,
628 4005 656 4071 si
685 4025 751 4071 non
776 4003 867 4070 fieret
892 4001 1143 4083 contradictum,
1160 4019 1162 4024 ’

33 4109 311 4178 contradictoribus
328 4131 404 4178 uero
421 4112 464 4178 ad
480 4120 625 4180 nostram
641 4111 845 4198 presenciam
873 4118 987 4177 contra
1013 4107 1147 4194 Mykam

35 4217 60 4274 et
74 4212 185 4286 fratres
202 4239 278 4287 suos
295 4221 447 4287 euocatis.
464 4219 528 4297 uui
543 4219 672 4304 quidem
688 4220 842 4305 Magister
857 4216 1041 4288 Demetrius
1057 4211 1148 4281 nobis

36 4325 184 4410 rescripsit
199 4328 232 4393 in
251 4328 311 4393 hcc
325 4328 442 4395 verba:

123 4434 411 4502 Excellentissimo
427 4435 561 4504 domino
577 4455 635 4504 suo
651 4433 787 4502 dndree
811 4436 872 4502 stb.
901 4433 1058 4518 Magister
1084 4432 1146 4499 Dc·

38 4539 155 4606 netrius
172 4542 290 4608 Comes
307 4541 347 4610 dc
372 4544 482 4610 Zolum
508 4545 570 4610 stb.
597 4541 809 4629 (kovctlrezik
833 4541 985 4607 Demeter
1010 4540 1150 4625 edlyomi

41 4641 224 4731 stispdnnak
237 4648 400 4734 jelentdse
415 4650 496 4717 mint
511 4649 610 4718 aldbb
625 4655 642 4719 7
647 4654 677 4716 9.
695 4669 740 4717 sa.
757 4647 802 4740 a.)
