3132 5192
629 407 672 474 93

78 593 271 680 sexaginta
285 617 415 667 mareas
431 598 661 686 superaddidit
677 604 709 666 et
724 597 879 683 perdoluit
894 617 1004 667 eoram
1015 598 1120 668 nobis.
1129 598 1218 668 Obli-

79 711 212 784 gantes
229 727 265 774 ss
281 715 391 795 partes
407 715 519 778 mutuo
535 708 673 776 inuioom
691 727 789 793 super
804 710 901 777 terris
917 708 1093 793 prenotatis
1109 710 1151 776 ab
1162 731 1226 776 orn-

79 810 189 878 nibus
205 815 357 900 inpetere
372 816 556 884 volentibus
573 813 763 884 defensuros
780 816 923 902 proprijs
941 814 1109 883 laboribus
1124 822 1156 881 et
1174 834 1227 880 ex-

80 921 219 1000 pensis.
237 923 274 988 In
291 924 383 992 onius
399 926 445 990 rei
462 925 649 992 memoriam
665 931 924 1010 perpetuamque
949 923 1134 992 firmitatem
1159 943 1230 1008 pre·
1284 939 1287 946 ’

78 1034 203 1098 sentes
223 1031 442 1100 oonoessimns
457 1033 583 1100 litteras
599 1032 698 1118 sigilli
716 1033 818 1100 nostri
845 1032 1024 1100 munimine
1048 1033 1228 1100 roboratas.

80 1133 217 1203 Datum
234 1139 269 1204 in
285 1140 410 1206 oetauis
425 1141 602 1207 Beatorum
618 1139 705 1206 Petri
722 1147 754 1208 et
769 1139 866 1207 Pauli
892 1139 1118 1228 Apostolorum
1143 1157 1229 1206 anno
1324 1181 1326 1188 ι

81 1243 226 1312 Domini
241 1245 363 1313 M⁹CC⁰
378 1249 588 1330 nonagesimo
603 1249 756 1316 seonndo.
775 1249 914 1316 Domino
928 1247 1094 1314 Anthonio
1110 1245 1232 1330 Propo·

81 1351 152 1417 sito
154 1350 354 1438 Stephano
364 1354 509 1439 Leotore,
521 1352 612 1420 iwan
623 1355 773 1442 (lentore
784 1356 921 1424 Martrno
932 1351 1072 1422 Custode
1082 1351 1230 1420 Eoolesro

84 1465 206 1524 nostre
222 1459 388 1544 Magistris
417 1461 643 1530 existentibus

86 1653 140 1717 (Er
141 1656 243 1719 edetis,
259 1654 434 1726 bdrhartydm
448 1664 554 1711 arbrsd
568 1657 797 1724 selyemnrinbron
811 1661 919 1726 iliggbtt
932 1656 1024 1725 penset
1037 1658 1186 1720 elamoth
1212 1675 1228 1710 a

421 1747 505 1799 budai
516 1747 568 1798 lrir.
585 1748 707 1799 kamarai
721 1743 911 1813 levilrtrban.)

563 2029 773 2040 n———nu

625 2562 678 2630 oo.

1 2821 2 2826 ,
96 2769 121 2820 Α
137 2760 277 2826 oarudrs'
292 2757 513 2846 bdptolaonok
538 2757 809 2845 bizooyaripleodo,
825 2760 909 2846 boqy
934 2759 1025 2824 Peter
1049 2709 1149 2827 cornea
1173 2761 1232 2826 Ite·

96 2870 275 2950 montefia,
293 2870 324 2932 es
344 2865 479 2932 Orion-i
495 2867 630 2954 Morbys
647 2891 754 2948 eonem,
771 2868 921 2954 bizortpoa
941 2892 1036 2957 poros
1061 2879 1155 2954 dipyrt
1179 2869 1231 2934 bo-

1 2975 2 2984 ’
422 2980 612 3061 rritaripoaon
629 2977 803 3041 cliotezteb.
820 2975 917 3044 1292.

209 3174 278 3238 Nos
303 3170 487 3256 Capitulum
514 3169 661 3239 Eoolesie
686 3169 799 3238 Saneti
825 3171 1008 3259 Myohaelis
1035 3170 1231 3253 Archangeli

99 3279 140 3346 de
160 3279 276 3346 Castro
294 3280 415 3345 Ferroo
432 3283 543 3344 notum
561 3275 699 3344 laoimus
726 3284 839 3344 tenore
870 3277 1076 3364 presentium
1102 3278 1228 3345 uniuer-

1 3411 2 3414 “
99 3386 157 3472 sis,
174 3386 264 3470 qnod
281 3386 396 3454 Comes
411 3385 527 3452 Petrus
543 3385 630 3454 filius
654 3387 800 3471 [temerij
829 3387 871 3453 ab
896 3405 963 3454 vna
988 3393 1091 3472 parte,
1118 3387 1232 3455 Cornea

97 3492 237 3580 iiarlnys
253 3491 295 3562 de
312 3492 426 3561 Ozlrou
444 3493 486 3560 ab
504 3493 608 3560 altera
624 3513 732 3560 eoram
749 3494 844 3560 nobis
875 3492 1095 3580 personaliter
1111 3494 1231 3562 eonsti-

99 3603 160 3667 tuti
175 3602 365 3687 recitarunt,
381 3601 466 3688 quod
483 3622 554 3669 earn
572 3601 657 3670 idem
676 3601 789 3669 Comes
807 3603 920 3670 Petrus
937 3603 1044 3688 ipsum
1070 3601 1229 3670 Comitem

101 3708 239 3796 ilarkys
257 3709 299 3774 ad
316 3711 514 3794 presentiam
532 3709 655 3776 domini
681 3708 812 3778 Nioolai
839 3708 986 3778 Palatini
1012 3707 1124 3777 ordine
1144 3707 1232 3795 judi·

101 3817 202 3884 oiario
228 3825 395 3884 euocasset
419 3818 453 3883 in
479 3817 565 3885 laeto
591 3817 760 3886 ouiusdam
786 3827 879 3902 terre,
907 3837 969 3901 que
995 3837 1016 3883 a
1041 3817 1174 3884 Herene
1200 3823 1232 3884 et

1 3991 2 4000 χ
104 3925 198 4010 (iuge
215 3925 257 3992 de
273 3925 494 4012 propinquiori
511 3925 598 3992 linea
614 3924 909 4009 consanguinitatis
927 3925 1064 3992 Comitis
1089 3922 1230 4007 Itemorij

103 4031 376 4099 deseendentibus
393 4033 456 4118 ipsi
473 4033 593 4100 Oomiti
609 4031 744 4118 Markys
762 4037 965 4117 prouenerat,
982 4039 1014 4098 et
1029 4031 1103 4115 ipsa
1130 4047 1232 4096 oausa

103 4137 185 4205 inter
201 4146 311 4225 partos
328 4139 533 4224 aliquamdiu
550 4137 665 4208 fuisset
680 4139 859 4206 ventilata:
874 4139 1008 4205 tandem
1024 4143 1134 4224 partes
1160 4156 1231 4221 pro-

1 4308 2 4330 ἶ
103 4253 173 4334 pter
199 4247 319 4314 bonum
351 4248 441 4332 paois
465 4249 557 4314 iuxta
581 4246 779 4314 sententiam
806 4251 839 4311 et
864 4245 1034 4310 arbitrium
1059 4243 1231 4329 proborum

104 4353 244 4422 virorum
260 4355 292 4420 in
309 4355 407 4421 talem
424 4355 515 4441 paois
532 4363 563 4422 et
579 4353 747 4422 oonoordie
762 4351 887 4420 titulum
906 4351 1126 4436 deuenerunt;
1145 4350 1231 4436 quod

104 4462 304 4549 presoriptus
321 4463 434 4530 comos
451 4462 586 4549 Markys
603 4461 742 4548 reoeptis
769 4466 893 4544 septem
919 4459 1037 4526 mareis
1063 4479 1083 4524 a
1110 4457 1233 4525 Comite

1 4562 2 4623 ἶ
106 4571 202 4638 Petro
220 4569 350 4651 reliquit
375 4570 479 4656 ipsam
506 4577 636 4652 terram,
660 4568 793 4634 raoione
818 4565 909 4631 ouius
935 4565 1094 4648 agebatur
1122 4571 1233 4632 eontra

1 4750 2 4759 ἶ
106 4678 222 4764 ipsum,
241 4675 359 4744 Oorniti
375 4677 472 4746 Petro
483 4677 681 4764 supradicto,
697 4682 764 4744 mm
775 4673 949 4758 peripsum
965 4691 1062 4756 quam
1077 4691 1136 4756 per
1152 4691 1229 4740 suos
