3132 5192
23 471 29 476 ’
132 466 175 532 ab
191 465 410 552 occupacione
426 467 572 551 predicte
588 475 673 536 terre
692 472 816 554 Bayua,
832 475 865 534 et
881 466 1029 550 Nyeolao
1060 419 1125 534 filio
1151 467 1259 554 Phyli-
1354 483 1359 488 ·
1454 471 1458 478 “

4 645 5 650 1
135 595 213 658 pns,
232 577 274 642 ab
286 575 492 643 alienaeione
509 576 639 661 publice
655 575 864 662 prohibendo,
875 582 907 642 et
918 575 1116 661 snperipsas
1128 574 1269 642 destruc

131 684 246 747 aiones
272 689 305 748 et
330 681 545 766 spoliaeiones
570 685 689 750 iterato
715 702 808 750 suam
834 683 960 750 faciens
985 681 1267 767 protestaeioncm.

4 803 5 814 ³
132 791 258 882 Datum
274 789 308 853 in
324 787 406 854 testo
423 792 524 856 Pasce
540 809 627 856 anno
637 789 766 857 Domini
784 787 903 854 M⁰OO⁰
919 791 1134 874 nonagesimo
1151 789 1262 856 tercio.

244 895 400 962 Kiviti:
418 897 482 962 Pro
499 897 593 963 Petro
609 896 677 963 filio
694 897 824 964 Andree
841 896 883 962 de
900 897 1017 982 Bayna
1033 897 1269 964 contra-Oeni-

4 979 6 1056 Ῐ
133 1009 201 1068 tem
217 1000 385 1068 Andream
401 1007 434 1068 et
450 1004 541 1070 Bake
557 1004 659 1070 filium
677 1023 770 1072 sunm
787 1022 885 1087 super
902 1003 1143 1088 protestacione
1159 1024 1223 1070 sua
1236 1009 1268 1071 et

134 1107 365 1195 prohibicione
382 1116 468 1176 terre
484 1111 609 1196 Bayna.

135 1304 282 1369 (Eredetie
296 1305 474 1373 berhartydn,
487 1323 504 1359 a
516 1305 656 1375 zdrpsesdt
669 1308 803 1362 elvesaett
814 1327 821 1376 ;
834 1325 851 1361 a
864 1309 947 1361 budai
969 1309 1019 1360 kir.
1044 1308 1167 1360 kamarai
1189 1307 1273 1362 level-

646 1394 768 1462 ttrban.)

633 1686 845 1696 ——a———a--n

689 2219 735 2288 90

145 2421 178 2482 A
200 2421 327 2484 trtrdeze’
341 2419 534 2484 konueatoek
548 2419 824 2507 bizonprdpleeela
858 2420 942 2507 kopp
972 2421 1070 2488 Donk
1109 2422 1281 2508 Vydcsnak

4 2531 6 2616 p
135 2528 191 2610 fia
210 2530 242 2592 e‘s
257 2529 437 2614 ppernsekei
450 2552 509 2614 epp
525 2528 750 2615 cia'aye'fdlctet
766 2527 857 2614 (ἔρρε
865 2531 998 2613 fiainak
1014 2531 1155 2595 eladtdlc.
1182 2529 1279 2596 1293.

261 2740 433 2809 Vniuersis
460 2751 628 2827 presentes
646 2742 772 2812 litteras
790 2743 987 2831 inspecturis
1012 2741 1043 2810 J.
1069 2743 1283 2810 miseracione

147 2849 275 2916 Diuina
290 2849 481 2935 Prepositns
499 2855 531 2915 et
556 2851 743 2918 Conuentus
771 2851 917 2918 Eceiesie
943 2853 1045 2918 Beate
1071 2852 1218 2934 Virginis
1243 2851 1283 2917 de

147 2958 262 3024 Tureh
280 2957 413 3024 Ordinis
430 2960 743 3027 Premonstratensis
763 2960 903 3026 salutem
921 2960 955 3024 in
973 2959 1127 3042 largitore
1153 2959 1284 3024 salutis.

150 3067 206 3131 Ne
222 3073 390 3149 gestarum
407 3087 513 3133 rerum
529 3067 716 3136 memoriam
742 3068 883 3134 humane
898 3052 1162 3151 =inperfeoeionis
1188 3065 1284 3130 tollat

152 3174 290 3261 obliuio,
308 3173 483 3260 peritorum
500 3176 642 3242 virorum
668 3177 813 3263 repperit
838 3176 1008 3261 industria,
1034 3183 1069 3241 ut
1097 3193 1169 3240 earn
1196 3173 1283 3240 testi-

148 3283 260 3346 monio
279 3294 436 3366 perennet
452 3283 598 3349 litterali.
619 3283 668 3349 Ad
685 3285 908 3350 vniuersorum
938 3282 1037 3366 igitur
1061 3280 1216 3348 noticiam
1239 3287 1284 3346 te·

150 3409 232 3456 nore
248 3389 455 3474 presencium
472 3391 620 3458 volumus
637 3392 819 3476 peruenire,
835 3391 921 3476 quod
936 3390 1034 3458 Donk
1061 3390 1146 3455 fiiius
1171 3386 1284 3472 Vydas

150 3503 185 3562 et
200 3495 266 3562 duo
284 3495 343 3581 filij
361 3497 422 3580 sui,
440 3495 569 3563 Biasius
586 3504 619 3562 et
635 3497 775 3584 Beneeh,
793 3519 852 3583 pro
869 3517 905 3564 se
922 3505 954 3564 et
969 3519 1029 3584 pro
1059 3497 1159 3564 tercio
1186 3493 1285 3561 fratre

152 3605 300 3688 ipsorum
326 3603 439 3690 Paulo,
467 3603 511 3669 ad
542 3609 686 3671 nostram
719 3605 886 3671 venientes
914 3605 1119 3691 presenciam
1151 3603 1283 3670 oraculo

152 3711 227 3776 vine
243 3710 335 3778 vocis
352 3710 493 3778 confessi
509 3717 585 3777 sunt
601 3708 641 3777 de
659 3718 755 3795 terra,
773 3731 835 3795 que
851 3713 982 3778 nomine
1008 3711 1205 3779 hereditario
1232 3731 1287 3778 eos

153 3819 326 3904 contingit,
344 3839 504 3885 consensu
531 3821 672 3886 omniurn
698 3827 908 3903 cognatorum
926 3827 967 3898 ¹et
994 3825 1285 3886 commetaneornm

153 3948 287 3994 suerum
304 3933 425 3993 terram
441 3926 482 3992 ad
504 3947 600 3994 vnum
620 3933 763 3994 aratrum
789 3926 1025 4011 sufficientem,
1051 3925 1144 3990 iuxta
1169 3933 1287 3992 terram

155 4033 293 4100 fitiorum
320 4033 452 4118 Basync
477 4034 694 4119 adiacentem,
712 4055 784 4103 cunr
809 4035 956 4101 omnibus
986 4032 1183 4100 rtilitatibus
1209 4031 1288 4114 suis,

156 4141 260 4207 Paulo
277 4145 309 4207 et
326 4141 419 4208 Boda
437 4139 515 4225 filijs
532 4141 635 4226 Gyge,
653 4147 685 4207 ct
701 4143 844 4224 ipsorum
871 4141 1044 4208 heredibus
1070 4139 1287 4222 heredumque

158 4247 406 4316 suecessoribus
417 4269 474 4336 pro
485 4249 597 4316 decem
608 4249 725 4316 mareis
736 4250 842 4316 minus
852 4270 915 4316 vno
925 4247 1049 4315 fertone
1060 4246 1247 4314 vendidisse
1258 4255 1289 4312 et

155 4357 288 4425 dedisse
306 4359 377 4424 iure
394 4363 553 4443 perpetuo
569 4359 707 4445 pacifice
723 4357 964 4442 possidendam.
983 4357 1082 4424 Cuius
1102 4363 1188 4422 terre
1204 4361 1289 4420 mete

155 4467 216 4533 hec
228 4465 343 4532 ordine
375 4465 616 4551 distinguntur:
642 4466 752 4532 Prima
776 4473 863 4531 meta
893 4464 1098 4550 progreditur
1129 4464 1162 4528 in
1193 4461 1291 4528 fluuio

155 4575 352 4642 Sernouniee
370 4573 468 4663 dieto,
489 4573 542 4642 vbi
561 4582 610 4642 est
626 4582 732 4641 terrea
748 4582 856 4662 meta3
883 4575 978 4642 etsie
1004 4593 1133 4659 semper
1159 4571 1204 4638 ad
1228 4569 1289 4638 cri-

1080 4680 1130 4748 9*
