3146 5192
874 339 1033 436 goa—

381 517 445 596 'rio
461 535 572 596 nosbo
586 527 620 594 iu
634 531 799 614 posterum
814 530 1030 614 profuturum
1056 533 1097 598 Iu
1111 531 1251 600 cuiusrci
1280 531 1495 600 memoriamot

397 642 588 720 perpetuam
600 629 785 704 firmitatem
808 643 979 722 presentes
1005 637 1110 706 eidem
1125 637 1306 706 venerabili
1320 639 1404 724 putri
1418 637 1493 707 ‹lodi-

388 760 461 808 mur
475 741 602 808 litteras
617 741 662 806 ad
693 741 848 810 maiorem
864 743 959 812 buius
985 745 1033 812 rei
1058 742 1280 812 certitudinem
1297 749 1330 812 et
1344 743 1493 813 euidencio

381 857 460 916 'rem
477 849 637 930 cantelam
661 847 765 933 sigilli
788 853 891 919 nostri
922 839 1101 919 munimine
1115 853 1299 920 roboratus.
1330 852 1443 922 Datum
1466 861 1494 920 ct

297 969 300 977 ·
389 961 496 1020 actum
512 955 602 1039 apud
618 957 851 1024 monasterium
858 964 1005 1026 nostrum
1015 957 1134 1026 Sancte
1143 959 1257 1026 crucis
1274 961 1312 1026 in
1326 958 1493 1026 tanuen·

389 1060 551 1130 lobannis
566 1062 734 1152 Baptiste,
759 1085 845 1132 auno
860 1067 993 1133 Domini
1017 1067 1190 1146 millesimo
1217 1067 1493 1150 concusserint
1540 1156 1544 1165 Ι

389 1170 537 1253 septimo.

392 1335 443 1396 (Δι
459 1334 562 1386 endon
575 1330 644 1386 utin
656 1336 751 1387 Rutu·
763 1332 882 1399 Nimior,
907 1337 1023 1402 manu
1035 1334 1103 1388 Sion
1116 1337 1168 1388 111.
1193 1337 1250 1390 hol.
1263 1337 1328 1388 84⁶.
1340 1335 1359 1386 l.
1371 1331 1439 1388 [abd
1449 1331 1498 1385 lou-

836 1424 901 1475 tcbb
916 1427 976 1476 l'lss.
990 1442 1024 1476 u.
1038 1425 1076 1490 u.)

905 2219 979 2288 187.

387 2415 476 2485 Troo
491 2419 663 2486 dalmatini
678 2423 709 2484 6⁸
729 2417 820 2484 Vecta
837 2421 906 2485 olco
918 2419 1135 2502 olaszomopi
1143 2416 1278 2484 udrosok
1292 2417 1376 2480 bozo
1390 2415 1496 2480 onoc

865 2531 918 2592 leb.
928 2520 1026 2589 1297.

488 2671 583 2737 Anno
599 2667 771 2736 Dominice
786 2667 1032 2736 lncnmacionis
1048 2665 1171 2738 wcc·
1189 2666 1401 2750 nonagesimo
1410 2661 1492 2747 septi-

380 2799 444 2846 mo.
461 2778 630 2862 Regnante
640 2779 770 2846 domiuo
789 2786 900 2846 nostro
910 2779 1035 2846 Karulo
1048 2776 1189 2846 secundo
1200 2775 1264 2842 Dei
1279 2771 1394 2860 gracia
1409 2773 1491 2838 illus·

381 2885 525 2952 trissimo
535 2887 625 2968 Rege
634 2885 833 2968 Jerusalem,
848 2885 971 2970 Sicilie,
981 2887 1073 2954 Duce
1088 2883 1218 2971 Apulic,
1236 2889 1268 2949 et
1284 2877 1490 2965 Principellu·

380 2991 623 3077 pue,Prouincie
633 2999 664 3058 et
673 2991 895 3078 Forcolquirie
910 2992 1044 3080 Comite,
1056 2993 1240 3076 Regnorum
1250 2995 1360 3056 autem
1369 2987 1489 3055 feliciter

379 3118 465 3168 anno
481 3099 585 3188 xlii,
601 3101 723 3168 mensis
738 3101 860 3189 Aprilis
885 3097 938 3167 die
962 3099 1106 3168 secundo
1136 3095 1280 3167 eiusdem
1306 3103 1414 3162 actum
1428 3092 1488 3160 Ital.

378 3209 467 3294 apud
483 3209 610 3276 Vestes.
631 3211 699 3276 Nos
714 3211 850 3277 Scarrus
860 3205 901 3274 de
916 3209 1037 3276 Sancto
1053 3205 1186 3273 Andreu
1201 3203 1373 3272 Veslarum
1388 3197 1489 3280 luder,
1536 3283 1539 3290 Ι

378 3317 522 3386 Felicius
538 3315 624 3383 dicte
641 3324 726 3385 terre
740 3318 915 3403 Notarius,
949 3323 981 3382 ct
999 3314 1173 3401 subscripti
1208 3319 1306 3378 testes
1334 3306 1374 3377 de
1390 3305 1487 3374 eaden
1548 3277 1551 3416 ξ

380 3423 581 3492 habitatores
597 3424 641 3490 ad
657 3425 719 3494 hec
734 3427 839 3494 vocati
856 3425 1044 3510 specialiter
1069 3427 1102 3490 et
1116 3423 1224 3507 rogati
1250 3423 1285 3487 in
1303 3437 1398 3485 vnum
1413 3429 1488 3477 more

378 3537 411 3597 et
425 3533 497 3600 loco
512 3535 609 3601 solito
634 3533 861 3602 Vniuersitatis
887 3533 1068 3600 Ventorum.
1099 3531 1142 3598 ot
1161 3531 1254 3596 nobis
1286 3521 1486 3612 presentibus,
1547 3515 1551 3646 j

378 3659 449 3706 cum
467 3642 582 3708 eadem
598 3645 760 3710 affuerunt
777 3645 820 3710 ad
837 3644 906 3711 eius
930 3642 1131 3729 presenciam
1141 3689 1151 3724 ,
1177 3632 1305 3722 procidi
1323 3631 1382 3697 viri
1398 3629 1486 3710 Ango-
1549 3675 1551 3734 ἐ

378 3745 431 3810 lus
447 3746 488 3812 do
503 3749 691 3836 Vincencio,
708 3757 740 3816 ct
755 3751 923 3818 lohannes
939 3750 979 3817 dc
995 3749 1112 3834 Rugio,
1128 3745 1278 3811 concines
1293 3741 1404 3824 nostri,
1420 3731 1484 3799 olim
1550 3775 1551 3812 ἶ

376 3856 493 3924 statuti
509 3865 542 3926 ct
558 3859 698 3925 ordinati
722 3858 848 3926 Sindioi
873 3877 930 3944 per
946 3856 1200 3925 Vniuersitatem
1225 3849 1363 3918 eandem
1379 3841 1419 3910 sd
1432 3847 1482 3906 tra·
1549 3859 1551 3944 ἑ

375 3963 527 4032 ctandum
545 3975 578 4034 et
592 3965 807 4034 ordinandum
830 3986 944 4052 pacem
962 3976 994 4032 ct
1019 3962 1224 4030 concordiam
1252 3958 1336 4023 inter
1352 3951 1483 4066 hominos
1549 3965 1551 4042 ζ

375 4071 480 4156 ipsius
512 4071 663 4142 ciuitatis
693 4075 886 4160 Vesturum,
918 4080 949 4143 et
980 4073 1156 4140 Commune
1180 4073 1214 4132 et
1237 4063 1383 4130 homines
1413 4055 1481 4122 ciui-

374 4182 455 4249 tatis
469 4182 633 4271 Tragurij,
646 4184 733 4250 iuter
748 4204 830 4270 quas
861 4183 1032 4250 videbatur
1060 4186 1093 4246 et
1117 4173 1348 4262 espectabatur
1377 4163 1484 4230 discor*
1549 4189 1551 4280 j

374 4283 449 4373 dia,
467 4308 507 4354 ao
538 4289 641 4358 eciam
671 4311 791 4377 guerra
819 4311 878 4376 pro
910 4310 960 4376 eo,
987 4287 1075 4372 quod
1089 4287 1238 4374 homines
1255 4279 1395 4348 eiusdem
1410 4279 1479 4391 torte
1549 4281 1551 4376 j

373 4403 484 4464 nostre
500 4397 671 4466 Vesturnm
688 4400 885 4466 offensiones
900 4405 934 4466 et
949 4395 1069 4462 damna
1084 4393 1226 4482 plurima
1256 4383 1442 4490 receperunt
1449 4393 1477 4441 rn
1543 4421 1551 4492 Α

372 4505 520 4586 personis
536 4512 569 4572 et
583 4505 680 4586 robus
695 4528 717 4573 a
731 4506 849 4590 pirolis
864 4523 922 4572 seu
937 4502 1092 4588 cursarijs
1112 4496 1299 4584 Dalmacio,
1314 4493 1395 4562 iuter
1409 4499 1476 4570 quon
1548 4505 1551 4570 ς

373 4629 415 4674 er
431 4612 842 4694 certispresnmpciouibus
865 4613 1137 4696 presumebantur
1166 4605 1267 4676 fuisso
1291 4604 1429 4672 homiues
1442 4593 1479 4658 dt
1545 4599 1551 4754 j

1548 4803 1551 4846 l
