3124 5194
327 1174 359 1240 A
374 1175 555 1241 lereezleaek
580 1175 763 1262 easterqama'
786 1173 1295 1258 lronoeutjeuelebizonyadqleoele,
1311 1174 1395 1258 lroqy
1423 1194 1467 1236 aa

329 1284 514 1368 eraterqami
529 1282 690 1370 lrdptclua
706 1283 738 1346 es
758 1279 895 1366 Tomy-i
909 1280 1067 1346 Domolroa
1083 1303 1179 1346 comm
1189 1280 1463 1366 cisseqrddiodr·

326 1411 421 1474 napy,
439 1387 576 1453 Koodcai
591 1390 702 1454 mesola
712 1410 806 1473 peres
821 1389 991 1452 birtoltdra
1009 1390 1096 1452 ηὲιυε
1114 1385 1328 1472 eqyezkedtek,
1359 1385 1464 1449 1295.

435 1581 503 1647 Nos
519 1583 636 1647 Frater
646 1580 802 1648 Nieolaos
813 1581 970 1664 Magister
981 1591 1012 1647 et
1025 1583 1210 1647 Conuentus
1223 1578 1463 1646 cruciferorum

329 1689 439 1754 Sancti
471 1687 570 1769 Regis
596 1686 757 1773 Stephani
781 1687 823 1753 de
853 1687 1018 1772 Strigonio
1043 1687 1268 1770 significamus
1301 1685 1465 1752 uniuersis

327 1796 444 1878 quibus
470 1793 601 1880 expedit
624 1795 828 1880 presencium
856 1816 915 1880 per
931 1805 1094 1878 tenorem;
1111 1793 1197 1878 quod
1225 1813 1297 1862 eum
1323 1793 1462 1861 disereti

327 1903 391 1968 viri
407 1902 565 1985 Magister
580 1901 723 1966 Thomas
739 1900 928 1986 Prepesitus
946 1909 978 1968 et
994 1902 1180 1987 Capitulum
1208 1901 1357 1968 Ecclesia
1384 1901 1465 1967 Stri-

327 2008 493 2092 goniensis
509 2027 606 2092 super
631 2012 847 2093 occupaeione
872 2017 904 2074 et
928 2011 1212 2076 usufructuaeione
1236 2016 1323 2074 terre
1349 2029 1463 2076 eorum

328 2113 467 2198 Koachy
492 2124 617 2198 uocate,
643 2116 812 2182 existentis
837 2116 871 2181 in
902 2117 1066 2183 domitam
1091 2117 1324 2200 Nogradiensi,
1351 2137 1461 2184 coram

303 2301 308 2310 Ι
330 2221 453 2288 Gemite
468 2222 608 2288 Martino
625 2222 812 2288 Vioeiudiee
828 2223 925 2288 Curie
950 2224 1073 2290 domini
1089 2225 1191 2291 nostri
1216 2223 1317 2308 Regis
1343 2231 1459 2290 eontra

327 2329 484 2406 Comitem
515 2329 721 2395 Dominicnm
747 2329 787 2394 de
815 2331 939 2414 Tomy,
966 2329 1130 2415 qnondam
1163 2329 1388 2396 castellanum
1419 2328 1459 2397 de

329 2434 540 2523 Wyssegrad,
559 2437 737 2504 munissent
763 2438 931 2504 materiam
960 2440 1149 2522 questionis,
1175 2447 1205 2502 et
1233 2437 1350 2504 luisset
1374 2437 1462 2504 inter

328 2545 419 2628 ipsas
434 2551 545 2629 partes
562 2541 691 2609 diucins
706 2545 907 2628 altercatum,
924 2553 956 2612 et
974 2543 1101 2610 demum
1119 2547 1195 2629 ipsa
1210 2552 1297 2610 terra
1323 2544 1357 2610 in
1382 2546 1462 2630 alija

328 2651 395 2717 suis
412 2650 557 2734 partibus
576 2650 680 2716 eidem
697 2647 849 2735 capitulo
865 2651 1099 2735 strigoniensis
1114 2651 1262 2718 Ecclesia
1278 2653 1462 2720 exstitisset

329 2757 389 2821 snb
405 2757 548 2839 antiquis
565 2759 658 2823 metis
674 2757 741 2822 suis
760 2769 791 2823 et
816 2759 961 2825 terminis
988 2759 1150 2845 restituta,
1175 2766 1206 2825 et
1231 2759 1458 2825 tantummodo

329 2881 369 2929 ex
385 2863 498 2931 eadem
515 2885 614 2947 super
629 2873 716 2930 terra
733 2865 868 2930 duorum
885 2871 1067 2931 aratrorum
1085 2863 1262 2950 etdimldij,
1281 2867 1336 2931 uel
1356 2868 1461 2950 paulo

327 2970 1459 3059 maioris,autminorisquantitatis,ipsaquestioremansissettandem

328 3079 547 3145 mediantibus
563 3077 646 3144 Bela
664 3078 785 3143 Ouriali
803 3077 927 3145 Gemite
937 3079 1165 3166 Strigoniensi,
1176 3079 1308 3146 homine
1333 3081 1458 3148 domini

269 3269 274 3276 ι
326 3187 434 3272 Regis,
450 3195 483 3252 et
498 3190 607 3252 nostro
625 3187 811 3252 testimonio
827 3186 869 3254 ad
885 3187 947 3254 hoc
962 3189 1131 3268 negocium
1159 3187 1333 3271 deputatis,
1360 3205 1459 3272 super

325 3293 413 3360 facto
428 3293 572 3361 eiusdem
583 3299 670 3358 terre
687 3295 904 3374 contensiose,
921 3295 955 3359 in
971 3292 1052 3360 duas
1062 3303 1173 3379 partes
1190 3295 1324 3376 equales
1337 3295 1454 3383 diuise,

325 3401 473 3486 predicta
490 3401 656 3466 contencio
673 3408 853 3484 permotas
880 3409 912 3466 et
937 3401 1092 3468 terminos
1118 3401 1346 3485 infrascriptos
1373 3402 1458 3468 inter

327 3507 457 3574 easdem
485 3513 597 3591 partes
617 3507 734 3573 sedata
758 3507 869 3574 estitit
893 3508 1004 3574 taliter
1030 3516 1062 3574 et
1086 3507 1209 3594 sopita,
1236 3507 1324 3591 quod
1349 3509 1458 3594 prima

324 3622 411 3680 meta
427 3615 543 3700 incipit
558 3615 600 3678 ab
617 3615 752 3696 antiquo
768 3622 913 3699 tempore
930 3615 1062 3682 eleuata
1077 3625 1110 3681 et
1124 3615 1213 3681 ultra
1227 3615 1362 3682 fluuium
1375 3613 1458 3681 (lha-

323 3721 487 3810 arpolalra
503 3729 651 3787 uocatum
668 3742 688 3785 a
703 3727 796 3805 parte
823 3720 966 3806 Dauubij
981 3747 988 3803 ;
1006 3730 1039 3787 et
1063 3722 1184 3790 exinde
1211 3722 1374 3789 transiens
1405 3723 1454 3807 ip·

323 3850 393 3896 sum
409 3826 544 3894 flnuium
560 3826 682 3895 directe
696 3828 761 3896 itur
777 3827 837 3895 aab
855 3829 1028 3911 quemdam
1045 3828 1228 3913 lapidosum
1240 3829 1456 3896 monticulum

326 3939 466 4024 Kaeslrey
482 3935 660 4021 uulgariter
676 3943 908 4022 nuncupatum,
924 3935 969 4000 ad
984 3937 1149 4020 quandam
1173 3936 1323 4002 arborem
1357 3935 1455 4018 ilicis,

325 4065 388 4128 quc
404 4051 454 4112 est
469 4047 504 4110 in
520 4043 589 4110 alia
604 4050 701 4128 meta,
719 4049 751 4107 et
766 4044 800 4106 in
827 4041 955 4107 modum
973 4043 1078 4109 erucis
1096 4052 1147 4109 est
1162 4043 1311 4127 signata5
1338 4041 1458 4109 abinde

322 4154 449 4221 uenitur
465 4173 577 4220 versus
595 4150 857 4237 septemtrionem
871 4147 914 4215 ad
929 4149 1062 4216 terciam
1079 4157 1211 4236 metam,
1227 4149 1262 4216 in
1279 4159 1369 4216 terra
1385 4169 1457 4217 ara·

324 4262 380 4328 bili
398 4264 626 4344 constitutam,
644 4281 665 4324 a
676 4279 742 4342 qua
760 4255 969 4325 descenditur
984 4274 1103 4325 uersus
1118 4261 1275 4326 orientem
1299 4254 1348 4326 ad
1359 4273 1454 4338 quar·

330 4379 396 4438 lam
425 4381 544 4436 metam
577 4369 619 4436 ad
651 4366 814 4453 quandam
849 4386 1001 4450 maguam
1034 4367 1181 4435 arborem
1216 4366 1301 4434 ilicis
1326 4371 1456 4448 siccam,

324 4481 384 4546 snb
410 4501 474 4563 qua
498 4487 574 4546 sunt
598 4477 663 4544 due
680 4483 764 4543 mete
780 4475 967 4561 angulares,
985 4493 1122 4556 quarum
1138 4495 1204 4542 uua
1230 4482 1282 4541 est
1306 4473 1453 4540 Ecclesia

325 4585 566 4669 strigoniensis,
583 4585 650 4651 alia
667 4583 811 4650 eiusdem
823 4581 957 4648 Comitis
972 4581 1145 4668 Dominiei,
1161 4589 1266 4648 terras
1282 4599 1394 4649 eorum
1410 4580 1450 4647 ab
