3124 5194
352 1253 408 1315 Aa
423 1253 492 1338 cyri
506 1247 724 1338 ddptaloncok
738 1240 1011 1330 bizonycdplcucte,
1025 1239 1107 1324 boqy
1123 1237 1243 1302 Koamo
1260 1229 1352 1314 fiai,
1380 1221 1500 1288 Korma

350 1357 392 1423 -ἐε
407 1357 485 1437 Pet,
501 1355 608 1422 Dobor
622 1363 704 1420 neoc
718 1351 907 1436 helyopoleos
923 1371 944 1411 c
960 1349 1059 1410 bozzd
1083 1342 1207 1407 tortozd
1233 1335 1341 1420 Po'lyc'
1371 1332 1407 1396 ἑο
1432 1326 1500 1411 Deo

357 1471 498 1529 mati
511 1462 669 1542 fumabat
684 1467 791 1547 epyditt
805 1458 853 1522 Iret
868 1455 995 1541 cpyeald
1010 1453 1092 1517 νέοιο
1101 1443 1329 1524 rotonotnak,
1344 1434 1500 1504 Peter-neb

704 1570 736 1634 a
743 1565 861 1650 fidedic
876 1561 1021 1630 a‘todtdk·
1041 1558 1140 1623 1296.

466 1761 624 1830 Omnibus
641 1759 760 1826 Christi
775 1757 925 1824 fidelibus
939 1763 1007 1821 tam
1022 1750 1228 1839 presentibus
1245 1763 1349 1828 qnam
1380 1737 1500 1803 futuris

357 1889 494 1956 presens
525 1870 679 1953 scriptum
703 1865 896 1951 inspecturis
932 1861 1117 1946 Capitulum
1143 1853 1296 1932 Ecclesie
1318 1840 1500 1931 agriensis

360 1979 490 2046 saluten
505 1975 539 2042 in
555 1974 697 2044 omnium
714 1975 890 2040 saluatore
907 1967 960 2033 Ad
975 1969 1200 2034 uniuersorum
1216 1957 1385 2027 noticiam
1413 1959 1501 2016 tenc

360 2103 395 2152 re
411 2085 616 2170 presencium
631 2083 781 2147 volumus
798 2077 988 2170 peruenire3
1006 2070 1181 2156 quodcum
1196 2085 1256 2132 nos
1282 2065 1385 2130 iuxta
1412 2074 1498 2122 man·

325 2193 329 2196 ’
362 2193 473 2258 datum
491 2189 616 2255 domini
633 2188 735 2254 nostri
751 2184 880 2251 Andree
897 2185 959 2249 Dei
976 2179 1088 2267 gracia
1113 2175 1249 2244 illustris
1275 2168 1386 2253 Regis
1413 2163 1496 2229 Ηοο·

362 2299 462 2382 garie,
480 2297 681 2362 misissemus
695 2293 856 2359 bominem
885 2295 1031 2356 nostrum
1057 2305 1116 2371 pro
1142 2277 1330 2348 testimonio
1357 2269 1494 2351 fidedig·

362 2423 447 2487 num,
466 2424 538 2469 cum
554 2401 677 2470 comite
692 2400 819 2482 Thomu
832 2399 899 2464 titio
915 2394 1012 2463 Pauli
1037 2392 1167 2460 bomine
1195 2387 1345 2456 eiusdem
1374 2373 1493 2446 domini

363 2511 471 2596 Regis,
488 2530 596 2577 coram
612 2509 730 2594 quibus
760 2508 894 2574 Cosmus
910 2513 943 2569 et
957 2503 1090 2586 Paulus,
1106 2499 1167 2582 filij
1197 2493 1336 2562 comitis
1368 2489 1495 2568 cosme,

363 2616 527 2703 quandam
544 2615 781 2704 possessionem
798 2615 943 2698 ipsorum
961 2609 1072 2675 Dobos
1088 2612 1241 2674 vocatam
1259 2619 1336 2668 curn
1352 2591 1494 2664 vinersis

363 2723 557 2790 utilitatibus
574 2731 606 2790 et
631 2722 725 2788 terris
750 2721 845 2786 Pauli
872 2725 905 2786 et
930 2717 1023 2800 Deeg
1047 2714 1185 2797 vocatis,
1210 2710 1246 2774 in
1270 2707 1356 2774 duas
1386 2705 1495 2787 partes

364 2831 498 2912 equales
515 2827 619 2896 diuidi
635 2827 790 2913 lacerent,
810 2843 945 2910 quarum
971 2841 1069 2889 rnarn
1094 2818 1183 2885 iacta
1208 2813 1377 2881 diuisione
1403 2803 1493 2872 metis

366 2936 615 3018 circumquaque
643 2935 685 3000 ab
712 2932 778 2998 alia
803 2929 997 3016 separando,
1024 2947 1096 2994 cum
1121 2924 1270 2993 omnibus
1295 2914 1493 2986 utilitatibus
1559 2933 1561 3006 ρ

366 3042 433 3110 suis
450 3061 509 3126 pro
525 3048 644 3122 quarta
661 3039 791 3106 domine
808 3036 941 3102 Comitis
958 3034 1046 3101 Petri
1072 3033 1130 3116 filij
1158 3025 1352 3112 Menhardy,
1380 3017 1490 3088 videli-

364 3154 415 3215 cet
430 3148 542 3213 matris
558 3147 708 3229 Magistri
726 3145 879 3226 ende-et
897 3143 999 3208 eciam
1016 3141 1148 3206 racione
1165 3137 1250 3204 dotis
1267 3145 1301 3202 et
1319 3151 1428 3200 rerum
1440 3144 1491 3211 ρο
1555 3145 1560 3250 1

363 3252 574 3320 raternalium
592 3251 721 3316 domine
737 3249 849 3316 matris
864 3249 992 3313 Thome
1007 3247 1099 3328 Bani,
1118 3265 1158 3312 ao
1175 3245 1307 3309 racione
1334 3249 1491 3323 granam}-
1559 3251 1560 3269 ¹

363 3379 439 3426 num
464 3379 521 3426 seu
546 3358 748 3440 iudiciorum,
773 3359 806 3422 in
831 3357 948 3439 quibus
974 3355 1087 3419 ordine
1105 3349 1284 3435 judiciario
1310 3347 1413 3430 ijdem
1438 3337 1491 3422 filij
1559 3341 1561 3424 l

364 3463 498 3530 Comitis
520 3465 633 3530 Cosrne
650 3473 763 3530 eontra
779 3463 867 3546 ipsos
884 3461 1042 3527 Comitem
1057 3460 1188 3524 Petrum
1214 3465 1246 3520 et
1270 3455 1376 3520 filium
1402 3463 1490 3515 sunm

364 3570 665 3654 agrauatiiuerarrt,
676 3576 855 3635 statuerent
871 3577 902 3632 et
917 3568 1125 3651 assignarunt
1135 3563 1259 3630 eisdem
1270 3560 1391 3626 Oomiti
1401 3559 1490 3622 Petro
1555 3547 1559 3601 i

366 3680 398 3740 et
414 3675 568 3755 Magistro
585 3675 678 3742 Gnde
694 3683 848 3760 perpetuo
873 3674 1108 3758 possidendam
1124 3675 1157 3736 et
1174 3668 1383 3735 habendam:
1409 3665 1489 3732 idem

368 3779 463 3844 bomo
491 3787 600 3846 noster
624 3801 696 3846 cum
714 3781 842 3845 homine
869 3779 1013 3845 ciusdem
1039 3776 1176 3844 Comitis
1203 3777 1330 3841 Thome
1357 3767 1490 3838 hominis

369 3883 492 3950 domini
523 3887 621 3969 Regis
648 3887 692 3951 ad
716 3909 775 3953 nos
801 3887 923 3952 reuersi
949 3886 1044 3953 nobis
1076 3883 1279 3949 concorditer·
1304 3883 1488 3958 retulerunt,
1560 3871 1561 3876 ’

366 3992 453 4074 quod
469 3991 575 4076 ipsam
593 3994 831 4076 possessionem
848 3994 960 4059 chos
977 4013 1049 4058 curn
1065 3989 1256 4074 attinenoijs
1282 3989 1353 4055 suis
1381 4001 1488 4053 memo
1561 4006 1562 4009 ¹

368 4097 449 4162 ratis
465 4096 564 4181 ijdem
592 4098 650 4181 filij
680 4097 812 4165 Comitis
840 4099 965 4181 Cosme,
993 4105 1025 4162 et
1049 4097 1206 4178 Magister
1233 4095 1331 4161 Gude
1357 4095 1393 4158 in
1418 4091 1490 4156 duas
1558 4120 1560 4135 ‹

369 4207 479 4288 partes
496 4203 638 4283 equales,
649 4206 744 4269 certis
756 4203 848 4269 metis
864 4202 1078 4284 infrascriptis
1089 4203 1132 4266 ab
1142 4201 1282 4266 invicem
1299 4196 1490 4283 separando,

368 4305 569 4392 diuisissent,
586 4327 626 4372 ex
643 4307 760 4389 quibus
775 4327 873 4374 vnam
890 4316 1016 4391 partem
1033 4306 1233 4393 superiorem
1250 4306 1409 4389 eligendo
1428 4319 1489 4369 cum
1559 4346 1560 4372 1

366 4412 527 4477 uniuersis
543 4410 739 4478 utilitatibus
755 4411 823 4478 suis
839 4411 1039 4495 recepissent
1050 4431 1107 4494 pro
1119 4411 1223 4494 seiilij
1235 4410 1373 4477 Comitis
1385 4407 1490 4477 Oosme

367 4515 557 4598 supradicti,
575 4517 635 4582 sibi
654 4520 686 4581 et
701 4517 770 4582 suis
785 4515 960 4582 heredibus
976 4522 1133 4600 perpetuo
1148 4516 1388 4601 possidendam
1404 4511 1489 4582 etha·

365 4617 506 4686 bendum
517 4641 525 4702 ;
536 4619 691 4703 reliquam
701 4639 778 4687 vero
787 4626 914 4704 partem
924 4621 1112 4688 inferiorem
1128 4641 1188 4708 pro
1198 4611 1354 4690 omnibns
1364 4617 1487 4707 premic
