3180 5202
545 361 705 462 „m-

2 599 3 602 =
46 575 126 623 esse
144 555 284 625 eandem
301 555 424 623 auriam
439 557 499 624 snb
520 576 587 624 vna
602 562 720 644 porta,
745 561 777 623 et
786 555 983 642 jobagiones
1008 555 1140 623 eosdem
1155 556 1209 624 im

2 741 3 744 Ἴ
46 662 173 732 eadem
188 664 280 733 ouria
297 664 475 732 existentes
502 664 545 732 ad
560 665 670 750 ipsum
700 663 856 751 Rouboyd
881 663 1099 750 pertinentes,
1129 666 1193 734 sub

2 760 3 792 ³
46 791 118 855 qua
137 773 242 860 curia,
258 777 292 839 et
306 771 394 860 apud
409 793 491 858 quos
505 773 697 858 jobagiones
729 771 807 840 dieti
823 770 980 858 Rouboyd
995 779 1073 840 tono
1087 772 1122 839 in
1138 789 1209 838 ea·-

2 900 3 970 3
46 875 125 945 dem
146 880 240 948 ouria
254 879 435 948 residentes
451 881 513 948 sub
529 880 660 946 nomine
671 878 889 965 jobagionnm
915 877 1019 966 ipsius
1037 876 1193 963 Rouboyd

1 997 2 1085 ἑ
45 986 142 1054 idem
166 988 335 1058 lohannes
364 989 451 1056 filius
475 988 629 1056 Bernalth
653 988 749 1057 homo
780 979 890 1056 vester
920 989 982 1054 sub
1004 985 1210 1056 testimonio*-

49 1089 206 1180 Gapitnli
221 1095 367 1164 Eoolesie
382 1097 741 1182 Quinqneeoolesiensis
756 1102 834 1164 anto
848 1096 1004 1164 eitanisse
1029 1093 1191 1180 dignosci-

1 1201 2 1205 ’
46 1207 102 1268 tur
119 1203 168 1270 ad
183 1205 301 1274 Uestre
315 1203 497 1272 Maiestatis
513 1204 719 1272 Preseuoiam
734 1203 914 1290 prefaotum
936 1203 1092 1289 Rouboyd
1118 1221 1191 1269 eon-

1 1301 2 1366 ἲ
48 1318 104 1377 tra
121 1311 320 1397 Magistrum
337 1309 520 1380 iohannem
546 1311 648 1378 illium
673 1310 818 1378 Zoloneh
841 1310 1072 1397 supradictum.
1098 1307 1192 1378 Vnde

1 1411 2 1430 ²
49 1417 115 1484 hee
134 1417 314 1486 Serenitati
344 1417 460 1486 Vestro
484 1417 636 1485 duximus
661 1417 880 1486 rescribentis
911 1419 1030 1486 Datum
1056 1417 1209 1484 sabbato*

1 1522 2 1563 ἓ
50 1525 210 1611 proximo
223 1531 301 1593 ante
316 1523 511 1594 dominicam
527 1527 714 1593 Palmamm
736 1543 822 1592 anno
837 1523 969 1593 Domini
984 1523 1130 1592 M⁰OGG⁰.

51 1738 532 1811 (ravmmessnromrgmensn
546 1741 659 1793 meo-m
684 1738 989 1794 iteletlevelebolmint
1010 1737 1121 1792 sentens
1138 1741 1203 1791 aaa·

540 1827 613 1882 enim
627 1829 717 1892 alatt.)

594 2695 674 2767 271.

64 2909 96 2976 A
112 2916 259 3000 somopya‘
274 2913 463 2980 koooettnelc
479 2911 746 3002 biamtpsdpleoele,
761 2915 844 3001 kopp
868 2914 1035 2982 Varasdot‘
1048 2915 1209 2981 Bmedek·

1 3048 2 3092 3
64 3023 95 3087 ta
109 3021 246 3086 rolcoaoi
274 3021 495 3107 ntepeapedtlk
513 3018 620 3086 Atlas
635 3021 776 3107 somoppi
803 3018 1012 3106 flispdanak,
1028 3022 1111 3106 leoqy
1134 3020 1208 3086 Va„

141 3125 310 3194 amaea„
335 3127 404 3194 cae
430 3125 569 3194 assotae
599 3125 752 3192 saratas
775 3126 1000 3248 nemausa.
1018 3128 1118 3192 sesa
1140 3085 1401 3252 tettpelas.

178 3337 247 3405 Nos
263 3335 448 3406 Oonuentus
462 3337 652 3425 Monasterij
669 3337 782 3406 Sanoti
795 3335 906 3424 Egidij
925 3335 967 3403 de
977 3335 1124 3423 Symlgio
1139 3337 1211 3405 ‹lo-a

63 3465 137 3515 mus
145 3465 206 3532 pro
215 3446 380 3528 memoria,
397 3444 485 3529 quod
494 3445 602 3532 Banyl
612 3447 696 3515 iilius
705 3445 886 3530 Benedicti,
902 3444 1093 3513 etllatheus
1109 3443 1212 3512 filius-

62 3553 161 3640 Both,
178 3551 264 3622 siout
278 3569 333 3620 see
349 3548 436 3640 (igy)
453 3551 623 3637 dixerunt,
648 3550 690 3618 de
704 3551 786 3620 uilla
800 3551 982 3621 Waranlow
991 3600 1001 3636 ,
1018 3571 1077 3638 pro
1092 3571 1148 3620 see
1164 3559 1197 3620 et

1 3669 2 3706 ³
64 3659 233 3730 nobilibus
248 3657 290 3726 de
306 3659 421 3729 eadem
437 3679 546 3728 eoram
556 3659 652 3727 nobis
663 3659 882 3746 oomparendo
896 3659 1094 3727 retulerunt:
1109 3657 1197 3743 qnod

1 3839 2 3842 ,
66 3769 145 3856 quia
159 3768 225 3854 ipsi
241 3773 275 3836 et
299 3767 361 3854 aiij
386 3767 514 3835 nobiles
539 3767 582 3834 de
596 3768 669 3854 ipsa
694 3769 789 3836 willa
811 3769 995 3838 Warazlow
1018 3775 1122 3836 terras
1137 3787 1198 3836 seu

1 3941 2 3947 ,
65 3875 292 3966 possessiones
308 3875 491 3942 Johannem
509 3871 611 3942 lilium
627 3875 760 3963 Thome,
769 3877 954 3944 Barnabam
963 3875 1099 3943 fratrem
1115 3875 1212 3960 eius,

65 3987 226 4056 'rhomam
241 3981 344 4050 filium
360 3981 529 4068 Stephani,
546 3981 769 4050 Alexandrum
787 3982 889 4048 filium
914 3981 1049 4066 Bngnoh
1058 4030 1068 4067 ,
1094 3981 1197 4048 Bene-

1 4117 20 4140 ‘·
66 4095 189 4184 dietum
206 4096 240 4159 et
253 4088 441 4158 Ladizlaum
458 4089 544 4158 filios
574 4089 761 4159 sebastiani
777 4088 819 4157 de
834 4089 948 4156 eadem
965 4087 1050 4155 uilla
1065 4087 1197 4155 Waraz-

1 4275 2 4280 ,
64 4203 131 4273 low
145 4203 182 4268 in
198 4183 273 4287 ipsa
288 4200 494 4288 possessione
509 4199 694 4268 Waranlow
725 4198 959 4284 eontingentes,
985 4201 1021 4262 nt
1037 4195 1196 4282 (tinemut,

68 4311 180 4396 preeio
196 4325 395 4396 comparare,
410 4308 497 4376 siout
512 4304 554 4374 de
572 4307 642 4373 iure
658 4305 841 4390 debebant,
857 4325 922 4372 non
937 4299 1139 4388 potuissentz
1157 4300 1198 4367 de

1 4435 2 4439 ’
67 4421 154 4486 bona
169 4417 338 4486 uoluntate
353 4435 463 4486 eornm
488 4415 733 4502 permisissent,
757 4421 793 4481 ut
816 4413 1069 4499 quibuscumque
1092 4408 1204 4478 Athun

70 4524 189 4594 Comiti
205 4525 403 4613 symigiensi
418 4525 572 4610 placeret,
596 4531 700 4592 terras
715 4521 933 4610 prediatorum
948 4517 1105 4587 nobilium
1119 4535 1215 4584 nen·-

69 4635 146 4703 (lere
177 4633 316 4703 liberam
333 4638 366 4700 et
383 4651 527 4700 securam
547 4631 684 4701 haberet
698 4629 908 4716 laenitatem
934 4628 1013 4712 quia
1027 4623 1128 4710 iidem
1143 4643 1214 4690 no··
