3234 5194
553 329 830 430 „JL'

50 525 151 591 behit
168 522 332 590 vendendi
349 511 536 589 facultatem
565 527 686 590 Datum
703 522 846 592 secunda
862 522 945 589 feria
961 520 1108 606 proxima
1121 505 1198 588 ante

16 639 18 642 ’
52 633 182 698 festum
199 631 394 697 Natiuitatis
412 633 512 698 Beate
536 631 691 714 Virginis.
888 639 898 646 ‘

174 745 201 807 K
214 743 225 806 i
238 752 288 807 vtt
301 743 311 805 l
324 766 330 804 :
347 742 467 806 Contra
477 741 622 807 relictam
639 740 777 806 Comitis
792 739 920 806 Nicotai
933 741 1055 824 (quoad
1073 740 1194 824 porcio-

54 869 136 915 nem
155 848 382 933 iu)01taruch
401 869 458 933 pro
475 847 597 912 Gemite
626 842 761 916 Ochus.¹

57 1044 201 1108 (Ererletie
213 1043 401 1110 biirhkrtyfin,
426 1062 442 1094 a
456 1043 597 1112 aarpccsot
610 1045 758 1113 elvesaott3
786 1060 803 1094 a
817 1045 895 1094 budai
912 1045 961 1097 kir.
975 1044 1038 1093 kam
1048 1045 1097 1092 rrsi
1118 1043 1197 1098 lovet-

570 1133 688 1186 turbant

621 1935 673 2006 ll.

65 2136 130 2203 III.
151 2138 264 2202 Endre
288 2137 466 2222 kira‘lyuulr
481 2133 585 2201 Oheuz
600 2143 679 2200 aceri
696 2136 806 2221 stridet
831 2136 988 2221 tarqyazc
1015 2136 1200 2218 udorudaya

275 2245 397 2310 Reccld
413 2246 444 2309 as
460 2245 539 2322 ιῙάΙι,
555 2240 632 2308 rhed
640 2238 709 2326 fici
733 2250 894 2309 secutura.
913 2245 1010 2310 1291.

163 2436 347 2527 (A)nrireas
356 2439 417 2506 Dei
428 2438 540 2524 gracia
549 2439 727 2524 Raugonia,
740 2439 919 2522 Dalmacie,
933 2439 1075 2525 Oroatis,
1089 2441 1199 2523 Rama,

68 2548 352 2634 Seruie‚(iallioie‚
364 2548 564 2632 Lcdomerie,
579 2547 734 2614 (iumanie
746 2547 964 2631 Belgarieque
974 2549 1043 2614 Rex
1054 2545 1203 2612 omuibus

68 2655 194 2723 Christi
205 2655 355 2724 fidelibus
365 2663 430 2722 tam
441 2655 655 2742 presentibus,
665 2673 761 2737 qnam
773 2653 886 2723 suturis
896 2660 1063 2739 presentes
1073 2653 1198 2720 litteras

70 2765 270 2850 inspecturis
285 2767 423 2832 satutem
449 2765 483 2828 in
514 2763 656 2829 omnium
687 2765 863 2830 calcatore.
896 2761 947 2828 Ad
979 2762 1201 2829 uniuersorum

16 2953 17 2958 Ἰ
69 2873 225 2938 noticiam
243 2877 352 2938 tenore
367 2873 568 2958 presencium
588 2870 735 2937 volumus
752 2869 931 2957 peruenire,
949 2870 1122 2954 quodcum
1140 2872 1201 2936 Re-

71 2976 193 3044 noldus
211 2985 243 3043 et
257 2980 344 3046 Jaak
362 2977 420 3062 filij
438 2976 518 3045 Ibed
529 2976 692 3062 quandam
709 2985 826 3044 terram
838 2977 1132 3044 thusvocatama
1148 2979 1202 3044 do·

71 3086 161 3151 mino
179 3083 337 3152 Ladinlao
352 3087 440 3169 Rege
450 3086 548 3153 fratrc
557 3093 668 3154 nostro
677 3087 823 3171 patruele
833 3086 896 3152 sibi
912 3086 983 3152 dari
1000 3087 1203 3172 petiuissent,

20 3215 24 3220 ·
71 3201 102 3258 et
117 3191 206 3258 idem
223 3190 372 3258 dominns
389 3192 563 3258 ladizlaus
574 3194 654 3277 Rex,
670 3193 746 3276 quia
757 3193 799 3258 dc
808 3191 968 3275 qualitate
978 3200 1010 3258 et
1020 3193 1202 3276 quantitate

70 3301 175 3385 ipsius
192 3306 277 3366 terre
292 3297 355 3366 sibi
371 3300 493 3367 ueritas
509 3320 574 3366 non
591 3300 770 3384 constabat,
793 3298 943 3383 Capitulo
959 3297 1064 3365 Oastri
1081 3299 1202 3382 Ferrey

72 3409 141 3474 sois
158 3405 279 3472 litteris
295 3405 439 3475 dedisset
455 3406 489 3472 iu
506 3405 679 3491 mandatis,
698 3414 732 3472 ut
757 3405 880 3493 Mykou
900 3405 993 3472 homo
1018 3406 1120 3490 ipsius
1146 3407 1203 3471 do·

16 3571 17 3576 ,
73 3515 152 3579 mini
170 3513 319 3582 Ladizlai
335 3516 435 3598 Regis
453 3535 559 3581 coram
577 3515 764 3580 testimonto
780 3514 884 3597 ipsius
901 3512 1043 3600 Oapituli
1056 3515 1205 3581 reambu-

16 3701 17 3706 ἵ
72 3621 158 3687 latet
175 3621 313 3688 eandem
331 3627 459 3707 temam,
478 3630 510 3689 et
524 3627 680 3689 statueret
712 3621 793 3708 ipsis
820 3621 965 3688 Renoldo
982 3627 1014 3688 et
1039 3621 1147 3706 Jaak‚
1174 3623 1204 3687 si

75 3752 140 3798 non
156 3731 247 3797 tieret
272 3731 519 3817 contradictum,
546 3731 797 3798 contradictores
824 3727 931 3816 (vero)
957 3729 985 3796 si
1012 3731 1068 3814 qui
1092 3731 1207 3796 fierent.

74 3837 114 3902 ad
131 3839 257 3922 regiam
273 3838 474 3924 presenciam
491 3844 661 3924 euocaret;
676 3837 808 3904 taudem
825 3837 938 3904 eodem
949 3838 1105 3904 Ladintao
1116 3841 1204 3921 Rege

75 3947 161 4012 riam
179 3948 331 4013 vuiuerse
346 3947 456 4014 carnis
472 3947 629 4034 ingresso,
646 3955 679 4014 ct
693 3965 752 4013 nos
768 3945 887 4011 Divino
904 3967 1036 4013 munere
1053 3947 1087 4011 in
1105 3946 1207 4028 Regni

76 4055 191 4120 sotium
208 4060 241 4120 et
249 4055 502 4137 gubernaculum
513 4053 781 4122 successiesemus
793 4053 868 4136 jure
885 4063 917 4120 ct
927 4055 1040 4122 ordine
1053 4054 1207 4138 geniture,

17 4175 18 4180 ’
76 4161 160 4226 irlem
180 4159 346 4228 Rancidus
373 4167 405 4228 et
430 4162 517 4228 Jaak
545 4162 589 4228 ad
614 4168 759 4228 nostram
786 4161 977 4228 accedentes
1002 4161 1205 4246 presenciam

16 4311 19 4328 ,
76 4269 203 4334 litteras
220 4266 297 4333 dicti
315 4267 458 4352 Capituli
490 4269 602 4336 Ferrei
619 4267 724 4336 Oastri
741 4269 955 4336 exhibuerunt
972 4270 1062 4334 noble
1090 4268 1123 4334 in
1150 4268 1208 4334 trec

78 4377 202 4442 verba:

185 4485 467 4582 Esectlcutisaimo
485 4487 614 4552 dominc
630 4505 688 4552 suc
705 4483 861 4550 Ladialac
878 4485 939 4550 Dei
957 4483 1069 4567 gracia
1087 4485 1207 4550 illustri,

78 4593 157 4676 Regi
176 4592 345 4675 Hungarie
363 4591 547 4682 Capitulum
565 4595 710 4660 Ecclesie
728 4595 840 4660 Sancti
856 4595 1025 4661 Michaelis
1038 4593 1078 4659 de
1091 4590 1205 4658 oestro
1335 4616 1337 4621 ·
