3124 5194
876 326 1036 430 Q...

391 528 454 594 stb.
481 529 600 593 Datum
633 523 723 592 Bada
753 523 1002 610 quadragesimo
1033 523 1087 589 dio
1114 529 1305 589 ootauarum
1337 520 1409 585 fasti
1423 519 1498 584 Beati

391 635 524 722 Georgij
547 634 688 702 martiris
719 654 804 702 anno
834 634 970 702 Domini
1001 632 1174 698 millasimo
1201 627 1500 716 quadringentesimo

392 743 574 812 vndaoimo.

393 939 530 1006 (Ersdstie
543 935 716 1004 bsrntraytrn
730 952 746 990 a
759 935 910 1003 kirtlynak
922 934 1001 990 h'atul
1015 938 1193 1002 odanyornott
1205 931 1332 1002 pausatio
1344 932 1430 990 alam
1441 932 1501 982 abo·

723 1029 767 1079 dai
780 1029 832 1086 kir,
845 1029 970 1080 kamarai
983 1026 1174 1095 levtlttrbau.)

857 1317 1051 1328 Μ..

927 1852 1003 1921 loo.

396 2053 458 2119 m.
476 2053 587 2120 Endra
602 2053 710 2141 tiroly
726 2053 933 2139 bizoayao'got
948 2051 1119 2136 teazorro'l,
1133 2051 1219 2134 hogy
1235 2047 1332 2156 Eros·
1342 2067 1439 2112 aonam
1454 2042 1510 2110 so

396 2161 595 2244 restaetfia,
613 2163 645 2227 a
659 2161 763 2226 D6noa
778 2170 887 2226 mestar·
902 2157 1174 2241 Arnoohaokflo,
1186 2157 1333 2240 bizoayoo
1344 2151 1508 2218 ko‘tPeohen

396 2277 478 2332 nevit
495 2267 1200 2354 helyotqreoonotlcoaoporienborotadqoson
1210 2255 1508 2351 efficacitati-,1292

504 2465 571 2532 Nos
587 2465 736 2532 Andreas
751 2463 813 2530 Dei
838 2463 951 2548 gracia
966 2463 1037 2529 Rex
1062 2459 1231 2544 Hungario
1256 2461 1374 2527 damus
1390 2475 1446 2542 pro
1459 2471 1507 2518 mo

397 2571 510 2658 moria,
526 2573 611 2657 quod
627 2573 742 2638 Comes
770 2570 876 2638 Erdou
892 2571 976 2638 filius
1000 2569 1143 2638 Sebreoh
1169 2569 1211 2634 ab
1230 2589 1296 2634 vna
1327 2571 1430 2654 parto,
1446 2564 1506 2626 iton
1528 2582 1530 2593 ’

397 2681 553 2762 Magister
568 2679 747 2766 Dyonisins
768 2681 853 2748 filius
870 2677 997 2747 Aunaoh
1023 2698 1063 2744 ex
1079 2680 1185 2746 altera
1216 2681 1440 2760 comparantes
1453 2689 1508 2754 per·

397 2787 552 2856 sonaliter
568 2805 675 2853 coram
692 2786 786 2853 nobis
817 2792 1072 2874 proposuerunt3
1105 2783 1192 2868 quod
1224 2785 1257 2850 in
1275 2803 1394 2866 nausa,
1427 2795 1505 2862 quan

396 2893 483 2962 idom
500 2891 615 2961 Comes
631 2893 740 2960 Endon
766 2894 799 2960 in
815 2893 940 2962 ootauis
970 2893 1064 2960 Beati
1080 2892 1239 2961 Johannis
1263 2893 1412 2979 Baptista
1428 2903 1506 2972 sopor

397 3001 483 3068 sacto
497 3001 725 3086 requisitionis
748 3003 990 3089 possessionum
1013 3001 1203 3086 Katpaohon
1220 3007 1406 3067 vooatarum
1423 2995 1505 3062 haba

396 3109 455 3176 bat
471 3129 579 3179 soram
595 3109 689 3177 nobis
706 3117 818 3178 oontra
834 3107 1224 3194 MagistrumDyonisium
1236 3107 1442 3189 nominatum,
1458 3120 1505 3186 per

398 3217 567 3284 arbitrium
583 3215 743 3284 Dominioi
753 3215 902 3300 Magistri
914 3213 1189 3282 Thanarniaorum
1200 3221 1394 3303 nostrorum,
1408 3209 1505 3280 Ladio-

396 3325 453 3410 lay
469 3323 561 3408 Bani,
575 3323 725 3408 Magistri
759 3323 869 3390 Kokos
878 3373 889 3411 ‚
921 3321 1054 3390 fratrum
1070 3321 1148 3388 dioti
1162 3321 1313 3408 Magistri
1346 3313 1504 3391 nominor

397 3431 475 3498 itsm
491 3429 651 3499 Johannis
665 3431 723 3518 filij
743 3429 859 3498 Ghaak
875 3429 1023 3516 Magistri
1038 3431 1227 3516 Agasonum
1240 3439 1436 3514 nostrornm
1453 3425 1505 3492 Ma·

398 3538 490 3624 gistri
506 3538 661 3625 Demetrij
680 3538 814 3606 Comitis
845 3538 885 3606 de
901 3539 1034 3622 Zolnm3
1066 3540 1249 3608 stationum
1279 3541 1437 3608 Baronum
1459 3551 1503 3600 sou

398 3645 564 3733 nobilium,
580 3646 614 3713 in
634 3647 733 3714 talam
750 3645 889 3713 sormam
916 3645 1009 3732 pasis
1037 3665 1094 3714 seu
1119 3645 1289 3714 oonoordia
1316 3641 1504 3718 donanissrnt

398 3755 566 3822 unionem:
583 3752 670 3840 qnod
685 3751 772 3822 idam
783 3754 897 3821 Comes
913 3752 1021 3822 Endon
1032 3752 1166 3820 totalem
1177 3753 1420 3840 requisitionem
1428 3765 1502 3820 suan

398 3859 599 3947 superfacto
617 3861 792 3930 earundem
817 3861 1058 3950 possessionum
1082 3862 1293 3950 Kothpoohon
1323 3861 1504 3949 relinquito

398 3967 578 4052 rosignauit
595 3975 710 4036 eontra
740 3968 878 4038 eundem
897 3971 1092 4054 Magistrum
1122 3971 1336 4059 Dyonisinrn,
1369 3969 1465 4038 dando
1479 3967 1503 4028 et
1550 3943 1552 3964 ¹

398 4075 616 4162 permittendo
633 4075 765 4144 easdem
790 4077 1014 4161 possessiones
1029 4079 1238 4163 Kathpeohan
1268 4098 1343 4146 oum
1357 4073 1423 4147 suis
1436 4073 1502 4142 vtili·

398 4182 522 4252 tatibus
539 4190 571 4249 at
586 4183 795 4270 portinenoiJs
817 4183 988 4273 uniuersis,
1019 4185 1053 4252 in
1078 4193 1235 4270 quantum
1251 4186 1361 4272 ipsum
1377 4181 1501 4268 oontigit,

397 4291 503 4358 eidam
517 4290 675 4376 Magistro
690 4292 850 4378 Dyonisio
865 4299 898 4359 at
914 4293 982 4360 suis
998 4293 1172 4364 heredibus
1188 4303 1343 4382 perpetuo
1359 4293 1502 4385 possiden·
1548 4318 1553 4388 2

400 4397 473 4484 das,
490 4398 650 4468 tenendas
665 4405 698 4466 et
712 4399 901 4488 habandam
933 4401 982 4467 ita
997 4409 1106 4470 tamon
1115 4453 1126 4490 ,
1157 4403 1244 4488 quod
1269 4403 1355 4472 idam
1371 4405 1501 4488 Magister
1548 4406 1555 4575 1

399 4504 575 4590 Dyonisius
593 4507 627 4574 in
652 4506 909 4594 redempciouom
935 4509 1112 4577 earundem
1127 4511 1370 4595 possessionum
1384 4511 1500 4594 Kettos·

400 4609 482 4681 ohan
498 4613 675 4701 assumpsit
700 4613 779 4684 dara
804 4619 838 4684 ot
866 4616 994 4688 soluoro
1010 4615 1164 4688 ducentas
1196 4622 1229 4684 ot
1252 4619 1500 4705 vigintiquinque
1548 4584 1554 4697 i

1547 4697 1553 4809 t

1550 4846 1555 4934 r
