3124 5194
892 319 1053 442 „pso-

399 525 555 604 iiicolsns
573 529 699 600 nobiles
716 529 769 596 die
784 531 903 617 ancb,
919 550 992 598 oum
1017 531 1134 598 esteris
1149 529 1301 614 cognatis
1317 530 1451 614 ipsornn
1477 511 1510 598 is

397 641 546 728 Mntbna,
569 641 612 710 ad
627 647 769 708 nostram
785 639 977 706 accedentes
993 639 1196 724 presenciam
1206 637 1419 706 exbibuerunt
1433 640 1509 706 nobis

401 750 612 834 priuilegium
628 748 752 814 domini
767 749 845 816 Belc
861 749 962 832 Regis
977 748 1146 832 Hnngarie
1163 747 1270 812 felicis
1295 746 1511 814 recordacionis

396 857 453 922 ani
474 855 575 924 nostri
593 853 763 922 karissimi
779 875 877 940 snper
894 855 1101 939 possessione
1126 854 1273 939 ipsorum
1299 853 1432 921 blutbna
1454 874 1513 921 oon·

396 963 541 1044 fectnm5
557 969 707 1046 petentes
723 981 796 1028 cnm
813 961 984 1046 instancia,
999 969 1033 1028 rt
1059 962 1168 1046 ipsum
1192 960 1401 1046 priuilegium
1428 967 1512 1028 rstnn

396 1067 534 1156 babere,
567 1075 599 1134 ct
622 1075 733 1134 nostro
764 1065 976 1151 dignaremur
1000 1068 1177 1154 priuilegio
1202 1069 1407 1134 confirmare
1432 1067 1512 1134 Gnirs

399 1176 534 1258 quidem
551 1173 714 1259 priuilegij
732 1181 825 1242 tenor
841 1175 920 1242 talis
935 1182 1006 1242 est:

509 1280 591 1347 Belo
606 1279 667 1346 Dei
684 1281 799 1362 gracia
813 1280 981 1362 Hnngsric
996 1287 1060 1348 stb.
1077 1283 1149 1348 Rex
1166 1282 1228 1347 stb.
1247 1279 1454 1368 (kbretkesiir
1471 1281 1513 1346 lv.

397 1388 481 1454 sera
496 1386 678 1471 kirtlynak
697 1388 836 1454 laos-ki
846 1388 1131 1472 sdomtnyievelc,
1148 1390 1230 1455 mint
1246 1389 1508 1474 gybjtemenytnb

399 1493 488 1561 vul.
508 1495 625 1580 vagyis
641 1493 826 1560 amasodik
836 1492 956 1580 iolyam
972 1496 1032 1562 111.
1049 1495 1225 1563 kotetenek
1241 1498 1298 1564 56.
1314 1497 1338 1561 1.
1355 1499 1408 1562 36.
1422 1515 1461 1562 sa
1476 1493 1510 1578 a)

509 1601 579 1666 Nos
595 1601 705 1684 itaque
733 1599 828 1668 iustis
844 1609 876 1668 et
887 1604 1057 1685 legittimis
1073 1603 1294 1689 peticionibus
1309 1602 1412 1688 Hoolr,
1426 1601 1511 1686 Bada,

401 1708 486 1778 isow
502 1715 534 1775 et
550 1709 678 1776 Nicolai
695 1710 915 1794 predictorum
932 1710 1090 1794 inclinati,
1100 1711 1206 1796 ipsum
1223 1711 1433 1795 priuilegium
1447 1707 1511 1774 Beie

396 1816 502 1901 Regis
518 1815 623 1884 felicis
639 1817 879 1884 recordacionis
905 1820 961 1884 ani
979 1819 1081 1885 nostri
1097 1819 1266 1886 karissimi
1284 1839 1352 1884 non
1369 1820 1512 1902 abrasum,

396 1944 462 1990 non
481 1923 709 2006 cancellatum,
727 1943 788 1988 nec
805 1925 838 1990 in
856 1924 968 2006 aliqua
983 1927 1033 1991 sui
1050 1934 1143 2009 parte
1158 1926 1339 2014 viciatum,
1355 1933 1453 1992 ratum
1468 1924 1510 1992 bs·

397 2029 510 2096 benten
525 2037 557 2094 et
573 2037 751 2117 acceptum,
782 2030 823 2098 de
847 2032 945 2098 uerbo
974 2033 1018 2098 ad
1035 2036 1169 2101 uerbum
1201 2034 1408 2118 presentibus
1423 2033 1508 2098 inser·

397 2146 464 2202 tum
474 2137 669 2203 suctoritste
679 2139 885 2222 presencium
897 2141 1124 2208 confirmamus
1135 2139 1304 2226 dupplicis
1314 2140 1415 2225 sigilli
1425 2140 1508 2206 nosti

397 2241 574 2310 monimine
590 2244 784 2312 roborando.
803 2246 922 2311 Datum
937 2266 997 2330 ‚per
1013 2267 1127 2314 manos
1143 2247 1279 2314 discreti
1297 2248 1359 2315 viri
1374 2245 1502 2330 Magistri

396 2349 569 2436 Theodory
584 2351 745 2437 Propositi
767 2352 921 2419 Albensis
945 2355 1092 2420 Ecclesie
1117 2355 1190 2421 aule
1206 2363 1321 2422 nostre
1348 2355 1502 2420 vice-Oan-

399 2457 523 2541 ocllarij
541 2457 652 2524 dilecti
670 2466 703 2524 et
719 2457 824 2526 fidelis
845 2461 948 2527 nostri
964 2481 1051 2528 anno
1076 2462 1207 2529 Domini
1233 2460 1358 2528 M⁰OC⁰
1383 2478 1504 2542 nonage-

398 2565 482 2632 simo
497 2564 619 2651 quinto,
637 2567 743 2648 Regni
760 2575 870 2634 antem
888 2569 991 2636 nostri
1003 2591 1090 2636 anno
1107 2577 1212 2638 sexto.

477 2759 616 2826 (Ersdstis
628 2760 804 2834 bbrbrirtyin,
819 2765 952 2818 Kbrmocs
966 2783 1002 2818 ss.
1017 2768 1043 2818 k.
1067 2765 1242 2834 bbnysvsros
1256 2765 1447 2839 lcvbltbrban.)

865 3049 1078 3066 *n—-q

399 3745 523 3835 Aprem
538 3747 695 3835 kirdlyoe.
719 3751 888 3838 mepojs‘tja
914 3754 946 3817 ss
971 3757 1159 3837 creperb'siti
1192 3775 1274 3820 ozon
1299 3754 1421 3839 kirotyi
1442 3745 1502 3814 orio

395 3862 521 3943 mdoyt,
538 3857 680 3942 mclylyel
696 3859 882 3944 Felnooptt
899 3859 1132 3945 Kis'ze'pmmpti
1159 3864 1192 3927 e's
1217 3861 1383 3948 Alosmpti
1407 3855 1500 3942 helysi-

396 3967 454 4056 pek
474 3969 591 4055 epykor
607 3969 802 4045 Menodoak,
828 3969 849 4031 1
855 3967 889 4031 V.
915 3968 1032 4033 Ldszlo
1056 3969 1166 4052 kiroly
1190 3973 1222 4035 es
1248 3971 1359 4035 Ma'ria
1382 3962 1500 4034 micilioi

548 4077 703 4160 kirotyne'
716 4073 922 4159 dajlrojcoat
937 4075 1251 4160 adomdnyoztottaic
1269 4075 1371 4143 1295.

505 4271 615 4358 Agnos
631 4269 693 4339 Dei
710 4267 822 4356 gracia
838 4271 967 4355 Regina
983 4269 1125 4354 Vngarie
1141 4272 1288 4339 omnibus
1304 4269 1418 4364 Christi
1439 4263 1497 4332 ide·

399 4383 486 4452 libus
502 4403 637 4470 presens
653 4381 809 4468 scriptum
825 4379 1024 4449 intuentibus
1041 4381 1180 4448 salutem
1196 4383 1230 4449 in
1247 4381 1385 4450 Domino
1400 4369 1495 4457 senpi-

398 4499 533 4558 ternam.
553 4493 595 4557 vt
611 4511 662 4580 ea,
678 4511 740 4574 que
756 4496 899 4572 aguntur
913 4489 946 4555 in
963 4495 1117 4575 tempore,
1129 4510 1170 4556 oc
1181 4489 1347 4557 irritentur
1357 4495 1423 4576 post
1431 4485 1497 4570 ipss,

400 4621 501 4669 neos
528 4599 686 4668 memoria
710 4597 907 4686 dilabantur,
932 4598 991 4666 sed
1014 4599 1129 4688 pocius
1153 4597 1292 4668 redeant
1316 4600 1350 4668 in
1379 4607 1496 4668 coenon
