3180 5202
1078 17 1578 299 „q

893 351 1051 450 Q

409 546 570 612 Dorusma
586 546 716 630 cognati
731 545 780 614 sui
796 565 854 630 pro
870 546 999 614 bomine
1017 541 1140 612 domini
1157 545 1257 629 Regis
1276 542 1383 611 suerat
1404 543 1544 630 deputa-

408 660 471 737 tus,
488 660 638 738 presente
654 651 810 736 Magistro
827 641 1146 726 Nicolao'Canonico
1172 652 1318 720 Ecclesie
1343 649 1450 716 Sancti
1479 650 1537 716 Jo-

408 757 527 824 hannis
544 759 585 826 de
609 758 905 846 Lninqueecclesijs
936 757 1118 825 testimonio
1148 757 1252 843 ipsius
1269 754 1410 842 Capituli
1438 753 1544 832 Quin·

409 865 682 949 qneecclesiensis
718 865 856 933 sabbato
882 871 956 950 post
981 863 1265 931 Circumcisionem
1296 863 1426 930 Domini
1448 881 1542 930 anno

407 973 553 1040 eiusdem
592 972 714 1040 M⁰CC⁰
754 974 965 1057 nonagesimo
1006 993 1090 1039 nono
1126 973 1318 1040 accedentes
1353 973 1387 1038 in
1427 972 1543 1038 uillam

407 1079 586 1166 Royrboyd
601 1079 738 1167 predicti
752 1081 892 1150 Tnlman
908 1081 1116 1168 antedictam,
1142 1080 1197 1147 ubi
1212 1076 1405 1164 reperiendo
1420 1078 1543 1160 Dyoni-

409 1187 492 1253 sium
509 1187 611 1256 filium
626 1191 755 1256 Mortun
770 1189 923 1256 Tulmani
949 1187 1078 1274 dictum,
1104 1189 1280 1274 patruelem
1304 1187 1437 1253 fratrom
1460 1185 1541 1251 dicti

407 1295 573 1382 Rozboyd,
606 1297 659 1362 cui
691 1297 849 1384 Dyonisio
881 1305 913 1362 et
944 1297 1071 1382 populis
1104 1296 1145 1361 de
1177 1297 1293 1362 eadem
1326 1295 1421 1378 uilla,
1450 1292 1541 1358 ioba-

405 1403 555 1484 gionibus
572 1403 716 1470 eiusdem
733 1403 884 1489 Rozboyd
913 1403 1182 1470 commorantibus
1207 1403 1241 1468 in
1267 1421 1335 1468 una
1363 1399 1452 1466 curia
1478 1400 1539 1465 snb

407 1529 472 1574 una
488 1516 584 1596 porta
601 1509 740 1577 dixisset
756 1511 856 1577 uerbo
872 1510 985 1596 Regio,
1002 1512 1086 1576 utin
1105 1509 1279 1593 quindenis
1303 1507 1441 1592 predicti
1465 1505 1539 1574 sab-

409 1614 476 1681 bati
493 1613 559 1682 diei
574 1614 660 1683 idem
671 1617 826 1704 Rozboyd
843 1617 885 1684 ad
895 1616 1055 1703 premissa
1071 1615 1104 1682 in
1119 1635 1260 1701 persona
1275 1615 1412 1702 propria
1426 1621 1457 1679 et
1472 1633 1538 1680 non

407 1741 465 1805 per
480 1731 720 1808 procuratorem
745 1745 849 1807 suum,
871 1744 981 1790 coram
1007 1722 1138 1790 domino
1154 1725 1243 1806 Rege
1259 1727 1471 1806 compareret.
1496 1721 1538 1787 Et

405 1829 484 1911 quia
498 1831 584 1898 idem
599 1831 755 1917 Rozboyd
771 1831 901 1902 eosdem
919 1831 1073 1918 homines,
1085 1831 1121 1896 in
1137 1832 1193 1913 qui
1208 1831 1283 1915 ipsa
1298 1831 1392 1896 curia
1407 1829 1440 1894 in
1456 1829 1534 1894 villa

405 1936 546 2004 Tulman
563 1940 753 2005 commorari
779 1938 979 2026 dicebantur,
1004 1961 1069 2006 non
1094 1938 1224 2004 dicebat
1249 1957 1321 2004 esse
1340 1936 1535 2020 jobagiones

405 2062 499 2128 suos3
526 2064 586 2129 per
601 2065 663 2111 nos
688 2046 836 2130 partibus
863 2045 1157 2133 assumpmentibus
1183 2045 1347 2111 decretum
1373 2044 1532 2128 extiterat,

403 2148 488 2214 utin
505 2151 627 2218 octauis
644 2151 886 2219 Purificacionis
903 2151 1005 2218 Beate
1021 2151 1165 2234 Virginis
1182 2149 1295 2216 eedem
1311 2157 1423 2234 partes
1441 2169 1529 2216 acce·

403 2257 517 2324 derent
534 2277 634 2342 super
659 2257 778 2324 faciem
803 2256 947 2324 eiusdem
972 2257 1189 2341 possessionis
1215 2258 1366 2340 Tulman;
1393 2265 1425 2320 et
1449 2256 1532 2322 idem

402 2365 559 2447 Magister
574 2366 742 2433 lohannes
759 2365 890 2433 deberet
915 2365 992 2432 illuc
1018 2364 1182 2433 adducere
1207 2363 1389 2449 predictum
1414 2364 1517 2430 luban

401 2492 476 2538 nem
491 2471 595 2537 filium
612 2473 774 2538 Bernalch
791 2477 866 2539 tunc
884 2473 955 2538 loco
971 2471 1112 2538 hominis
1128 2469 1252 2539 domini
1268 2471 1370 2554 Regis
1398 2470 1526 2555 deputa·

400 2587 480 2665 tum,
498 2587 531 2645 et
547 2577 653 2663 ipsum
668 2580 858 2664 Magistrum
874 2579 1047 2645 Nicolaum
1072 2599 1131 2664 per
1156 2579 1345 2664 Capitulum
1372 2576 1526 2659 Quinque
1575 2645 1577 2660 Ι

400 2684 598 2752 ecolesiense
614 2684 648 2750 in
663 2684 883 2752 testimonium
894 2686 1115 2770 assignatum
1133 2691 1165 2751 et
1180 2685 1243 2770 ipsi
1260 2684 1431 2752 lohannes
1447 2683 1524 2748 filins

400 2790 572 2876 Bernalch,
588 2811 628 2856 ac
647 2792 802 2876 Magister
818 2791 983 2874 Nicolaus,
995 2790 1204 2858 ostenderent
1220 2792 1400 2877 predictam
1412 2789 1524 2855 curiam

398 2899 458 2966 sub
475 2917 542 2964 nna
556 2905 652 2982 porta
669 2899 870 2985 existentem,
890 2899 1096 2983 presentibus
1121 2898 1293 2966 Dominico
1320 2897 1388 2964 filio
1419 2896 1523 2962 Wirir·

397 3007 461 3072 low
476 3004 605 3070 homine
621 3003 744 3070 domini
761 3005 871 3090 Regis,
887 3012 920 3072 et
935 3005 1122 3074 testimonio
1138 3005 1284 3090 Capituli
1300 3005 1416 3074 Sancti
1442 2999 1519 3070 Petri

398 3112 440 3177 de
471 3113 609 3196 Posoga,
640 3130 720 3194 quos
746 3111 834 3178 idem
856 3111 1012 3200 Rozboyd
1038 3111 1203 3180 adducere
1227 3121 1470 3198 assumpserat;
1494 3113 1522 3174 et

397 3216 493 3282 homo
519 3216 640 3282 domini
664 3217 765 3300 Regis
791 3237 851 3302 per
875 3217 983 3304 ipsum
1009 3218 1165 3286 Comitem
1190 3207 1348 3304 Rozboyd
1373 3218 1521 3286 adductus

398 3327 551 3406 presente
583 3323 769 3390 testimonio
787 3322 930 3410 Capituli
950 3324 991 3393 de
1007 3326 1139 3410 Posoga
1153 3325 1281 3392 uideret
1296 3331 1330 3390 et
1345 3325 1519 3410 inspiceret,

396 3429 423 3494 si
440 3427 587 3512 predicta
604 3429 695 3495 curia
710 3431 754 3496 sit
766 3431 826 3496 illa
841 3430 968 3517 eadem,
986 3433 1097 3515 quein
1118 3433 1235 3500 litteris
1261 3432 1368 3516 ipsius
1386 3428 1516 3517 Capituli
1550 3469 1551 3472 =

396 3533 752 3617 Quinqueccclesieusis
769 3538 963 3622 continetur,
990 3545 1023 3604 et
1048 3541 1163 3626 populi
1188 3541 1222 3606 in
1251 3538 1370 3608 eadem
1396 3555 1517 3606 commo

393 3647 504 3707 rantes
519 3643 584 3706 sint
600 3641 757 3726 Rozboyd
773 3644 933 3728 sepedicti
948 3666 1008 3713 nec
1025 3665 1083 3731 ne;
1112 3654 1145 3713 et
1170 3645 1349 3715 secundum
1376 3645 1462 3730 qnod
1483 3641 1515 3707 de

392 3744 454 3830 hys
472 3747 621 3815 omnibus
637 3750 759 3816 ueritas
776 3757 913 3836 constat,
932 3753 1097 3837 predictus
1114 3754 1272 3838 Magister
1288 3753 1456 3821 lohannes
1471 3769 1513 3816 ne-

391 3852 522 3936 gocium
538 3873 629 3920 suum
646 3855 680 3920 in
705 3854 825 3923 litteris
852 3857 996 3942 Capituli
1021 3857 1395 3946 Quinqueecclesiensis‚
1423 3857 1514 3944 predi-

391 3963 459 4024 ctus
474 3977 551 4024 vero
567 3957 722 4046 Rozboyd
737 3961 771 4026 in
788 3963 908 4030 litteris
926 3964 1072 4050 Capituli
1090 3966 1130 4032 de
1155 3966 1288 4047 Posoga
1313 3967 1510 4053 reportarent

390 4062 431 4127 nt
446 4063 479 4128 in
496 4067 634 4132 termino
650 4066 694 4132 ad
710 4065 771 4134 hoc
788 4089 847 4153 per
863 4077 974 4158 partes
995 4081 1162 4159 assumpto
1188 4072 1278 4140 idem
1304 4075 1423 4142 Comes
1447 4076 1511 4140 Ror-

389 4168 476 4252 boyd
491 4190 557 4237 non
574 4173 672 4259 venit,
688 4193 748 4242 nec
764 4176 853 4243 misit
867 4200 875 4262 5
892 4179 1059 4262 predictus
1077 4200 1156 4248 vero
1171 4183 1332 4265 Magister
1356 4180 1508 4250 lohannes
1540 4191 1541 4198 ³

393 4273 541 4342 exhibuit
556 4280 651 4349 nobis
667 4281 793 4350 litteras
810 4281 996 4354 Conuentus
1012 4287 1242 4356 Waradiensis
1268 4289 1302 4356 in
1330 4287 1395 4356 hec
1418 4286 1503 4355 rerba
1540 4285 1541 4288 ’

497 4381 781 4457 Excellentissimo
798 4389 928 4458 domino
946 4413 1005 4460 suo
1020 4393 1153 4462 Andree
1168 4397 1212 4462 Ι).
1230 4415 1279 4480 gr.
1297 4397 1418 4464 Inclito
1441 4389 1508 4474 Regi
1540 4393 1541 4398 ’

388 4478 532 4600 Vngarie
548 4490 608 4557 tlb.
627 4493 879 4581 (lrdvetlrezilra
906 4500 1102 4584 pecsvbradi
1127 4501 1345 4572 konuentnelr
1366 4502 1511 4588 jelenteso

389 4594 469 4653 mrnt
484 4592 581 4660 altbb
600 4603 674 4668 Mo,
693 4622 737 4669 ῃ,
755 4603 802 4689 g)
