3180 5202
609 366 758 468 *ffl-

1 571 2 626 i
108 556 148 622 in
165 555 294 624 irritum
312 557 415 644 possit
431 559 588 646 reuooari,
604 579 645 626 ea
662 579 724 642 que
749 579 861 627 eoram
890 562 984 629 nobie
1015 565 1185 649 proposita
1216 572 1249 630 et

1 751 2 768 ,
107 662 303 751 factasunt,
320 665 457 732 ieoimus
474 667 622 734 mandari
638 669 765 754 litteris,
783 674 816 732 et
831 669 1007 735 munimine
1023 670 1244 753 nostrisigilli

109 771 272 840 roborari.

110 971 254 1035 (Eredetie
269 967 444 1037 biirhartysin,
463 969 692 1043 ¹irrirtyazsinegen
717 973 799 1037 iiiggii
821 972 914 1038 peeset
932 974 1020 1040 alain
1046 992 1063 1026 a
1101 973 1184 1026 budai
1205 978 1250 1028 kin·

513 1064 637 1114 kamarai
657 1060 845 1129 levelttrban.)

573 1345 783 1360 a—-q———n-

647 1859 725 1929 311.

118 2055 255 2121 Tristem
271 2079 371 2120 corneo
389 2059 420 2121 έε
438 2057 504 2123 roho
520 2058 657 2123 oolooaai
674 2083 694 2122 α
710 2058 776 2122 Jot
791 2060 1019 2144 nemzetoe'pbo'l,
1038 2081 1058 2121 α
1075 2059 1194 2126 Rebohe
1211 2067 1244 2128 rie

114 2165 222 2228 Κὸνὸε
237 2165 305 2228 eoae
313 2163 414 2248 fekvri
425 2161 813 2274 foldiikaek‘ketedreeztt
827 2167 999 2251 dtenyedr'lo
1009 2167 1096 2230 Ebed
1103 2168 1241 2250 fiaiaalc.

592 2255 1086 2420 maffeio<

223 2465 345 2531 Damus
361 2485 419 2549 pro
436 2466 601 2552 memoria,
617 2466 703 2548 quod
720 2467 834 2534 Comes
850 2467 1033 2552 Tristanus,
1051 2469 1196 2536 Thomas
1212 2476 1243 2536 et

0 2573 1 2576 ’
112 2571 255 2640 Miohael
271 2572 388 2638 fratres
404 2573 484 2654 eius,
500 2573 604 2656 Myse
618 2573 706 2640 filius
723 2574 801 2660 Jak,
817 2575 976 2642 Martinus
993 2573 1078 2640 filios
1104 2577 1242 2663 Artuna,

114 2679 243 2746 Sandur
257 2681 343 2748 filios
360 2679 521 2767 Gregorij,
537 2681 657 2747 Daniel
674 2688 705 2749 et
731 2683 892 2750 Nikolans
924 2685 982 2767 filij
994 2715 1000 2730 ·
1014 2683 1243 2781 Bartholomei,

10 2853 19 2864 ,
109 2787 198 2854 Joan
214 2788 298 2853 filius
316 2788 439 2874 Chone,
468 2790 510 2854 de
541 2810 662 2874 genere
678 2789 745 2855 Jak
776 2791 1000 2875 personaliter,
1034 2798 1066 2864 ‚et
1097 2790 1243 2874 prefatus

112 2893 284 2962 Tristenus
300 2917 360 2981 pro
377 2896 532 2981 Ohepano
548 2896 613 2963 filio
641 2896 749 2962 Pousa
781 2897 997 2982 competendo
1031 2906 1241 2964 asseruerunt

0 3006 1 3009 ’
93 3003 190 3072 ¹uiua
207 3021 297 3085 uooe,
314 3024 348 3070 se
365 3005 551 3087 permisisse
566 3004 652 3072 bona
667 3003 836 3071 uoluntate
852 3023 913 3070 sua
927 3002 1097 3087 septimam
1116 3009 1241 3088 partem

109 3119 197 3175 terre
213 3112 275 3177 site
294 3111 375 3177 inter
390 3113 551 3178 Rebohem
568 3123 601 3178 et
617 3113 755 3196 Kourna,
773 3132 871 3195 qnam
898 3111 1027 3195 quidem
1057 3120 1174 3177 terram
1207 3112 1228 3196 ij

108 3217 188 3282 dem
204 3237 225 3282 a
242 3215 367 3285 Gemite
383 3219 524 3286 Martino
541 3219 608 3286 filio
624 3222 708 3287 Joan
724 3221 757 3286 in
784 3220 842 3284 lite
874 3219 1091 3303 obtinuerunt,
1124 3218 1239 3284 Comiti

111 3323 249 3409 Komen,
264 3325 408 3392 Renoldo
425 3335 457 3392 et
471 3326 538 3393 Jak
554 3325 629 3411 filijs
646 3327 737 3392 Ebed
753 3333 908 3412 perpetuo
925 3323 1166 3410 possidendam,
1177 3346 1242 3390 non

111 3434 263 3501 obstante
281 3453 329 3516 eo,
349 3434 434 3516 quod
450 3433 545 3500 dietis
562 3433 639 3517 fllijs
656 3433 745 3500 Ebod
761 3453 848 3500 nona
866 3451 942 3517 pars
959 3431 1062 3515 ipsius
1077 3439 1162 3498 terre
1193 3449 1240 3498 oe·

112 3538 220 3626 debat,
238 3546 334 3622 prout
350 3541 384 3604 in
400 3539 518 3605 litteris
535 3539 677 3625 Capituli
694 3539 800 3607 Cestri
816 3540 928 3606 Ferrei
944 3538 1117 3605 uidebatur
1143 3543 1240 3606 conti-

110 3649 194 3714 neri.
212 3647 375 3714 Dicebant
391 3650 476 3714 enim
504 3650 698 3716 unanimiter
728 3649 827 3733 ijdem
859 3648 996 3732 nobiles,
1028 3655 1240 3740 memoratam

110 3753 203 3819 Ebed
218 3762 345 3836 patrem
361 3757 497 3843 Kemen,
513 3756 650 3823 Renoldi
668 3762 699 3823 et
715 3756 781 3824 Jak
797 3757 1013 3841 predictorum
1038 3755 1072 3820 in
1104 3756 1241 3838 aequisi-

107 3862 206 3928 oione
223 3863 325 3948 ipsios
342 3869 428 3928 terre
445 3863 550 3947 magis
566 3864 734 3930 laborasse
750 3873 783 3930 et
798 3865 951 3929 maiorem
979 3881 1154 3948 expensam
1188 3885 1240 3930 ex·

112 3969 288 4054 pendisse,
305 3970 366 4037 hoe
383 3970 522 4055 adiecto,
539 3969 625 4054 qnod
641 3973 823 4055 quieteque
839 3970 896 4055 alij
916 3971 956 4036 de
990 3968 1104 4036 eadem
1139 3989 1237 4053 gene·

110 4078 256 4165 racione,
272 4078 342 4147 siue
358 4081 423 4145 sint
439 4079 481 4146 de
498 4079 585 4144 linea
601 4077 759 4146 dierorum
774 4077 912 4144 filiorum
928 4076 1029 4161 Ebed,
1047 4077 1119 4143 sine
1136 4076 1175 4142 de
1201 4077 1240 4142 li·

113 4184 326 4260 nea,(}omitis
342 4187 484 4256 Tristani
510 4199 542 4253 et
573 4187 711 4253 eliorum
743 4186 960 4273 predictorum
991 4183 1238 4269 deseendentes,

110 4312 247 4378 quorum
263 4293 396 4360 nomina
412 4293 445 4358 in
462 4293 576 4361 litteris
594 4291 737 4378 Capitoli
753 4293 858 4360 Castri
873 4295 985 4358 Ferrei
1002 4312 1065 4360 non
1082 4295 1166 4375 sunt,
1181 4292 1239 4355 im·

111 4406 261 4484 peterent
276 4406 310 4468 et
325 4401 450 4486 aliquid
466 4401 506 4467 de
521 4402 594 4489 ipse
612 4407 697 4468 terra
728 4399 919 4483 obtinerent,
951 4405 1068 4464 extuno
1099 4398 1140 4465 de
1171 4396 1237 4464 illis

110 4527 229 4575 nonem
245 4509 403 4596 partibus,
419 4508 502 4576 siout
517 4529 552 4574 ee
569 4507 766 4592 obligarunt,
794 4504 987 4572 tenebuntur
1018 4503 1176 4588 expediri.
1207 4505 1237 4570 Α

157 4647 258 4686 morou.
274 4645 358 4682 aoso.
374 4643 445 4680 sien.
461 4655 504 4665 -
520 4644 629 4681 omnen.
645 4637 682 4682 tt.
1031 4612 1075 4677 29
