3132 5192
68 1199 97 1268 A
114 1200 205 1266 bauai
219 1200 444 1286 supratonsus
461 1201 736 1288 bizonpsdplocela,
754 1206 836 1288 bopp
851 1225 872 1267 α
897 1205 1033 1288 Kaebap
1056 1214 1186 1268 nemaei·

68 1305 173 1393 replete·
186 1309 326 1373 aemeselr
342 1331 362 1371 a
378 1309 490 1373 bestat
508 1334 529 1374 a
545 1310 636 1374 ceteri
651 1310 813 1397 kapitulari
838 1312 911 1376 elba
936 1313 1050 1376 torrem
1069 1310 1182 1378 birtel-

336 1416 472 1501 oszto'lyt
479 1415 783 1501 fopuaatositottdlc.
801 1417 901 1481 1293.

168 1609 233 1675 Nos
251 1607 434 1694 Capitulum
449 1610 596 1678 Ecclesia
612 1612 774 1679 Budensis
790 1611 905 1680 damus
930 1633 989 1699 pro
1015 1613 1184 1699 memoria,

2 1740 3 1750 ¹
69 1715 150 1802 quod
164 1716 319 1800 Magister
335 1716 446 1784 Simon
464 1723 497 1782 et
513 1719 655 1786 Thomas
670 1719 729 1804 filij
746 1719 913 1787 Michaelis
928 1719 985 1805 lilij
1003 1721 1121 1787 Folcus
1149 1720 1190 1786 ds

2 1869 3 1872 ,
70 1842 182 1907 genere
198 1823 339 1889 Kachuk
355 1845 413 1908 pro
430 1844 466 1891 se
482 1831 514 1890 et
528 1846 588 1911 pro
603 1826 756 1894 fratribus
772 1827 841 1894 suis
865 1827 1050 1894 carnalibus
1075 1847 1115 1893 ac
1140 1845 1189 1893 co

68 1929 170 2012 gnatis
186 1931 225 1997 de
241 1931 460 2015 generacione
477 1954 587 2000 eorum
603 1933 797 2019 propinquis
813 1934 855 2000 ab
880 1955 946 2000 una
973 1941 1081 2019 parte;
1108 1935 1186 2000 item

68 2037 216 2121 Magister
233 2039 412 2107 Farkasius
429 2040 514 2108 lilius
547 2043 668 2109 Folkus
698 2043 798 2110 frater
823 2031 998 2110 eorundem
1014 2043 1056 2108 ab
1074 2043 1187 2129 altera,

68 2163 167 2210 coram
196 2145 291 2214 nobis
318 2149 529 2232 personaliter
556 2150 738 2235 constituti3
755 2150 856 2236 ijdcm
888 2151 1042 2234 Magister
1074 2149 1185 2216 Simon
1240 2211 1243 2218 .

68 2258 99 2317 et
123 2253 260 2321 Thomas
287 2253 448 2344 dixerunt,
474 2257 558 2340 quod
591 2277 662 2323 cum
693 2258 756 2341 ipsi
781 2265 813 2324 et
837 2258 956 2325 fratres
988 2260 1129 2344 ipsorum
1147 2275 1186 2322 ac

2 2367 3 2454 ζ
68 2360 188 2444 cognati
220 2361 261 2426 de
292 2365 507 2444 generatione
536 2383 645 2430 eorum
670 2383 767 2446 super
793 2363 1007 2430 diuisionibus
1039 2364 1082 2430 ab
1099 2365 1184 2449 olym

2 2458 3 2532 Ϊ
68 2467 99 2531 in
128 2469 386 2550 possessionibus
418 2489 528 2536 eorum
560 2469 776 2554 hereditarijs,
795 2471 958 2557 emptioijs
990 2478 1022 2538 et
1054 2471 1191 2556 acquisi-

2 2577 3 2640 t
69 2575 116 2652 tis,
132 2575 256 2643 scilicet
271 2575 425 2661 Bacchea,
441 2579 580 2663 Rymoth
596 2584 629 2642 et
644 2579 755 2643 Almas
773 2580 968 2662 nuncupatis
993 2578 1077 2646 inter
1098 2579 1185 2664 ipsos

2 2664 3 2678 ¹
69 2681 154 2750 iuxta
168 2683 376 2770 priuilegium
391 2684 589 2753 honorabilis
614 2685 757 2770 Capituli
777 2685 994 2770 Waohyensis
1017 2684 1114 2752 iactis
1131 2705 1189 2752 seu

69 2789 181 2858 habitis
201 2791 455 2882 essicassent(?)
468 2817 475 2878 3
488 2791 573 2859 idem
592 2793 750 2876 Magister
769 2793 948 2860 Farlrasius
969 2795 1002 2860 in
1030 2793 1187 2860 stabilita-

2 2915 3 2992 }
70 2903 128 2966 tem
144 2902 236 2984 pacis
253 2907 410 2986 perpetue
426 2911 459 2967 et
475 2909 582 2969 mutue
598 2901 785 2968 dileccionis
801 2899 987 2968 fraternalis
1003 2900 1109 2986 ipsum
1126 2901 1189 2986 pri-

2 3029 3 3078 ῐ
71 3007 216 3092 uilegium
233 3008 375 3095 Capituli
395 3009 607 3094 Waehyensis
622 3009 666 3077 ad
697 3030 807 3076 corum
837 3007 1031 3094 peticionem
1057 3007 1189 3075 exhihu-

2 3117 3 3174 ὲ
70 3115 144 3182 isse-t
158 3117 291 3206 eudem,
308 3137 371 3203 qno
388 3119 458 3185 viso
475 3126 506 3184 et
521 3119 663 3203 perlecto
679 3117 856 3184 diuisiones
871 3113 977 3182 factas
987 3115 1078 3182 iuxta
1089 3115 1188 3181 conti·

2 3219 4 3310 }
70 3225 212 3290 nesciam
229 3226 375 3292 eiusdem
392 3225 556 3311 priuilegij
575 3215 940 3312 eapituntaohyensis
955 3227 1046 3288 ratas
1062 3221 1191 3290 habuis·

2 3342 3 3416 3
71 3337 148 3414 sent,
164 3338 195 3397 et
212 3333 316 3398 eciam
333 3331 462 3399 nomine
480 3351 538 3399 suo
554 3337 586 3398 ct
602 3333 733 3398 nomine
756 3331 892 3397 fratrum
919 3335 951 3395 et
977 3335 1187 3412 cognatomm

2 3463 13 3485 ι·
72 3457 195 3504 suorum
210 3445 299 3505 ratas
324 3445 357 3504 et
372 3439 480 3507 firmas
497 3439 679 3507 habuerunt
705 3458 812 3505 eoram
837 3437 941 3522 nobis,
961 3433 1185 3522 possessiones

2 3555 3 3560 ’
75 3544 199 3612 habitas
217 3547 251 3611 in
269 3547 341 3633 ipsa
358 3547 517 3614 communi
529 3546 691 3617 diuisione
707 3548 800 3614 iuxta
815 3546 952 3612 sormam
964 3543 1126 3631 priuilegij
1138 3564 1194 3609 an·

2 3641 3 3718 i
72 3654 176 3721 ledicti
193 3655 299 3721 eidem
317 3657 471 3741 Magistro
488 3655 650 3723 Farlrasio
669 3661 700 3722 et
714 3655 790 3740 filijs
801 3655 946 3721 eiusdem
956 3650 1189 3741 perpetualiter

2 3799 3 3832 r
73 3763 197 3845 pacifice
217 3765 436 3849 relinquendo.
447 3764 700 3850 Assumpsernnt
716 3762 939 3828 nichilominus
965 3768 1096 3848 propter
1119 3781 1190 3847 per·

2 3883 3 3928 3
72 3875 192 3952 petuam
208 3891 321 3955 pacem
339 3871 587 3955 obseruandam,
606 3877 637 3936 et
652 3869 878 3954 obligauemnt
888 3889 924 3936 se
937 3869 1023 3936 idem
1034 3869 1190 3952 Magister

2 4024 3 4044 r
72 3977 176 4044 Simon
193 3983 226 4044 et
241 3977 382 4047 Thomas
399 3997 440 4046 ae
455 3977 573 4046 fratres
592 3999 699 4045 eorum
726 3977 887 4063 absentes,
908 3984 952 4044 rt
977 3977 1007 4043 si
1038 3994 1195 4062 processu

2 4161 3 4176 χ
72 4089 242 4171 tempomm
259 4087 322 4174 ipsi
339 4089 391 4156 vel
407 4088 525 4155 iratres
541 4107 652 4156 eorum
669 4107 708 4154 ae
724 4087 852 4170 cognati
869 4085 1050 4172 predictam
1062 4081 1192 4150 diuisio-

72 4212 138 4260 nem
153 4201 341 4283 retractare,
359 4197 407 4262 rel
423 4197 531 4282 ipsum
547 4197 737 4278 Magistrum
755 4192 948 4259 Farlrasium
965 4197 1022 4257 aut
1036 4191 1120 4256 filios
1147 4191 1194 4275 ip-

2 4361 3 4379 }
72 4299 131 4369 sius
145 4309 298 4388 pretextu
315 4302 476 4369 dictarum
491 4301 745 4388 possessionum
770 4299 804 4364 in
829 4297 990 4365 diuisione
1013 4294 1195 4362 habitarum

2 4403 3 4476 j
72 4427 170 4477 coram
187 4410 329 4497 quolibet
348 4408 462 4492 judice
479 4411 654 4479 conuenire
698 4427 754 4475 seu
780 4409 813 4472 in
840 4423 971 4472 causam
997 4404 1124 4470 trahere
1150 4409 1195 4468 at·

73 4523 266 4606 temptarent,
285 4519 415 4586 omnino
431 4539 488 4607 pro
505 4519 664 4587 conuiciis
680 4518 878 4583 haberentur
894 4535 931 4580 eo
948 4511 1045 4580 lacto.
1064 4510 1105 4578 Et
1122 4531 1194 4579 eum

2 4615 3 4622 '
73 4637 233 4709 presentes
250 4627 345 4698 nobis
356 4627 660 4715 luerintreportate,
677 4645 774 4712 super
784 4623 950 4713 premissis
961 4621 1026 4708 ipsi
1037 4623 1194 4708 Magistro
