3180 5202
861 315 1020 416 Q

377 509 545 579 Johannes
559 507 656 578 homo
671 510 792 581 domini
809 513 909 598 Regis
925 514 1031 599 ipsum
1053 513 1246 597 Magistrum
1261 511 1367 580 Zoard
1381 515 1421 578 in
1437 533 1511 598 pos·

379 620 560 688 sessionem
571 620 745 686 eorundem
755 621 895 689 tiliorum
904 621 1034 688 Andree
1050 623 1164 707 Bayua
1174 626 1325 688 uocatam
1342 620 1375 686 in
1391 620 1509 688 eodem

380 726 541 793 Comitatn
556 728 783 814 Strigouyensi
799 731 993 797 existentem
1009 750 1067 816 pro
1098 729 1185 795 facto
1209 727 1384 814 principali
1411 735 1446 794 et
1464 749 1510 792 ra-

381 833 473 900 cione
487 831 703 920 predictorum
720 843 844 925 septem
856 835 1063 924 judiciorum,
1082 843 1114 904 et
1129 836 1267 904 aliorum
1283 841 1410 922 septem
1424 833 1510 921 J'udi·

289 980 306 998 ,
381 941 502 1008 ciorum
518 942 696 1010 secundum
713 943 936 1012 diuersitatem
947 945 1114 1012 accionum
1133 943 1213 1010 dieti
1225 943 1381 1029 Magistri
1396 943 1512 1028 Zoard‚

381 1055 414 1114 et
429 1050 563 1134 insuper
579 1050 715 1117 duorum
726 1051 936 1137 judiciorum,
953 1051 987 1118 in
1003 1051 1122 1135 quibus
1137 1051 1181 1117 ad
1196 1051 1382 1136 quindenas
1398 1051 1511 1116 Pente

382 1165 486 1226 costes
503 1159 648 1243 legitime
663 1159 786 1226 eisdem
811 1160 1000 1245 assignatas
1016 1180 1081 1226 nou
1097 1158 1316 1244 comparendo
1350 1177 1511 1224 ramanae
1577 1191 1579 1244 l

383 1273 467 1353 runt,
483 1265 567 1334 sicut
582 1267 617 1332 iu
634 1265 752 1334 litteris
768 1267 888 1335 nostris
899 1267 1115 1352 judicialibus
1131 1265 1251 1333 exinde
1265 1265 1428 1333 confectis
1443 1286 1513 1332 oon·
1577 1279 1579 1362 g

381 1374 512 1460 tinctor,
529 1371 723 1460 introducat,
756 1375 846 1442 adio
863 1375 1116 1442 introductionis
1146 1395 1248 1458 usque
1273 1373 1513 1458 quintumdeci-
1579 1413 1580 1416 =

383 1502 469 1549 mum
485 1481 571 1548 diem
587 1501 834 1567 permansurum
843 1485 878 1550 iu
894 1484 1021 1571 eadem,
1032 1483 1061 1550 si
1072 1503 1136 1551 non
1146 1483 1245 1550 inerit
1258 1483 1512 1572 contradictum,

384 1587 454 1656 sine
470 1590 696 1658 destructione
712 1591 875 1670 eiusdem
908 1592 1000 1658 dicat
1025 1591 1127 1658 eciam
1158 1591 1246 1657 idem
1277 1589 1376 1658 homo
1392 1588 1512 1658 domiui
1573 1582 1580 1712 l

385 1698 485 1782 Regis
502 1697 624 1765 eisdem
648 1698 726 1784 tilijs
742 1698 874 1766 Andree
900 1706 933 1766 et
953 1698 1083 1766 domiue
1098 1699 1193 1766 matri
1210 1699 1392 1766 eomndem
1419 1701 1514 1765 uerbo
1578 1713 1580 1794 l

385 1805 500 1891 Regio,
516 1812 551 1872 vt
567 1806 601 1871 in
617 1807 755 1873 termino
771 1807 814 1872 ad
830 1807 892 1875 hoc
914 1807 978 1874 sibi
997 1808 1165 1892 assignato
1181 1812 1396 1892 compareant
1411 1826 1515 1891 perso
1578 1807 1580 1876 l

384 1912 503 1980 naliter
519 1933 627 1980 coram
644 1912 774 1981 domino
790 1915 900 2002 Rege,
917 1933 1017 2000 super
1033 1913 1123 1981 iacto
1139 1914 1316 2002 principali
1333 1919 1516 2000 perempto
1579 1915 1580 1948 ³

385 2023 434 2086 rie
449 2021 657 2108 responsuri,
683 2027 716 2088 et
735 2028 813 2089 ante
843 2022 1088 2110 responsionem
1115 2040 1224 2089 eorum
1250 2021 1463 2090 satisfaciant
1477 2020 1515 2086 de

382 2127 520 2212 judioijs
536 2127 751 2212 supradictis;
775 2128 921 2210 alioquin
938 2129 1013 2194 huic
1028 2129 1163 2212 negocio
1179 2129 1275 2196 finem
1293 2127 1444 2193 debitum
1461 2127 1512 2191 im·
1579 2113 1581 2162 ³

388 2255 555 2320 ponemus.
571 2237 648 2304 Post
664 2235 725 2302 hee
741 2236 820 2302 facti
834 2237 952 2302 seriem
969 2237 1073 2304 tocius
1096 2235 1228 2303 domino
1244 2236 1324 2319 Regi
1350 2237 1511 2304 rescriba-
1577 2183 1581 2296 i

385 2343 441 2408 tis.
456 2343 576 2408 Datum
594 2342 684 2408 Bude
710 2342 847 2428 septimo
873 2342 927 2410 die
943 2342 1180 2428 quindenarum
1196 2344 1417 2412 Pentecostes
1431 2364 1512 2412 auno
1579 2367 1581 2434 ;

386 2451 519 2516 Domini
535 2449 684 2520 Mouet
1577 2461 1581 2480 ¹

482 2559 640 2626 Kivlll:
655 2557 814 2642 Magistro
830 2565 863 2624 et
879 2557 1061 2626 Conuentui
1079 2560 1317 2626 Cruoilerorum
1334 2557 1451 2626 Sancti
1461 2559 1512 2625 Re·
1579 2565 1582 2638 ᾖ

388 2667 439 2750 gis
454 2667 611 2752 Stephani
632 2667 673 2734 de
695 2667 867 2752 Strigonio.
891 2667 1127 2735 Introductorio
1151 2689 1211 2754 pro
1227 2667 1388 2752 Magistro
1416 2667 1513 2732 Zoard
1581 2699 1582 2712 κ

389 2777 422 2842 in
437 2777 679 2862 possessionem
695 2775 833 2844 liliorum
863 2775 995 2842 Andros
1011 2775 1053 2843 do
1069 2774 1191 2842 Boutoh
1206 2776 1323 2862 Boyna
1355 2780 1510 2843 uocatam.
1581 2769 1582 2776 ’

388 2969 525 3044 (Eredetie
538 2971 716 3042 berhtrtytn,
743 2990 761 3025 a
773 2971 911 3042 rtrpecsdt
929 2975 1059 3028 elvesaott
1070 2993 1077 3038 ς
1090 2991 1108 3026 a
1119 2974 1201 3026 budai
1225 2973 1277 3030 lrir.
1291 2974 1423 3026 kamarai
1438 2969 1511 3023 levdl-
1581 2965 1582 2976 ¹

890 3061 1010 3132 tdrban.)

846 3333 1060 3344 ——oe-u—-u

920 3777 998 3844 259.

392 3978 441 4046 Aa
456 3981 523 4065 oqui
539 3977 765 4064 ecptalannak
780 3977 1068 4062 biaonyodqlevela,
1093 3979 1177 4064 hopy
1193 3973 1513 4062 a'Hemdduemptyd

392 4085 526 4152 nemesek
547 4085 867 4170 Hemciduomptyben
882 4085 984 4172 felcod
1008 4087 1157 4171 biaonyoa
1182 4085 1366 4152 dirtolrrtiozt
1382 4083 1512 4162 Mena

517 4195 674 4259 Bertaloo
689 4198 720 4258 da
736 4194 866 4276 Miletos,
884 4193 1138 4276 Muldficiuolc
1153 4193 1292 4260 alodtolr.
1308 4193 1410 4258 1300.

502 4387 660 4456 Omnibus
678 4387 798 4456 Christi
817 4389 965 4458 fidelibus
985 4396 1051 4457 tam
1068 4388 1273 4476 presentibus
1289 4407 1392 4474 quam
1409 4381 1512 4452 futuris

396 4513 532 4578 presens
556 4497 713 4580 scriptum
744 4495 941 4582 inspecturis
957 4497 1144 4583 Capitulum
1174 4495 1325 4564 Ecclesie
1354 4489 1510 4580 agriensis

396 4603 535 4672 salutem
552 4603 585 4669 in
596 4603 737 4670 omnium
747 4603 924 4678 saluatore.
940 4604 992 4678 Ad
1002 4605 1225 4674 uniuersorum
1241 4603 1399 4674 noticiam
1413 4609 1511 4670 tenore
