3234 5194
938 296 981 362 48
1026 354 1030 362 .

269 575 284 584 μ
395 487 557 556 communi
572 507 732 558 consensu
748 487 937 557 deuenimus
953 507 1011 554 uos
1037 492 1069 554 et
1088 486 1152 572 ipsi
1169 486 1284 554 tratres
1314 485 1522 572 superiusno·

398 595 522 683 minati,
538 598 642 666 toc'nm
660 597 846 664 Conuentus
873 595 1092 682 predictarum
1119 593 1352 678 religiosarum
1384 612 1519 660 sororum

398 713 637 793 procuratores,
655 705 772 774 sindici
787 726 844 772 seu
862 701 1063 771 defensores:
1088 702 1175 786 quod
1192 701 1322 769 nomine
1334 708 1368 767 et
1380 701 1450 768 uice
1465 723 1515 768 uo·

310 821 313 824 '
399 815 592 880 minaturum
608 813 768 899 Prepositi
784 819 817 880 et
842 811 984 898 Capituli
1012 812 1123 877 Sancti
1154 809 1278 878 Thome
1304 811 1415 895 ipsam
1442 809 1521 874 dimi-

395 919 483 987 diam
499 928 624 1007 partem
640 921 751 987 tributi
768 919 831 987 sori
847 918 888 986 de
903 918 1014 986 Ueteri
1031 921 1110 986 Pcst
1125 917 1260 1004 prefatis
1278 917 1449 984 sororibus
1459 937 1519 982 cum

398 1027 468 1093 iure
484 1027 693 1113 proprietatis
709 1033 741 1092 et
757 1027 904 1112 perpetui
923 1025 1059 1110 dominij
1079 1025 1269 1112 reliquimus
1295 1021 1518 1110 possidendam

396 1137 630 1220 perpetualiter
647 1141 678 1200 et
694 1132 887 1219 habendam,
918 1132 1099 1218 assignatis
1125 1135 1158 1199 in
1185 1153 1300 1198 manua
1325 1131 1517 1217 prefatorum

395 1239 545 1306 Euatrum
571 1246 810 1326 procuratorum
837 1235 993 1324 sepedicti
1025 1239 1212 1307 conuentus
1239 1239 1394 1305 omnibus
1419 1237 1522 1303 instru-

398 1349 525 1432 mentis,
543 1369 605 1430 quc
620 1369 717 1434 super
733 1347 803 1414 iure
819 1347 1021 1432 percipiendi
1037 1355 1163 1433 partem
1189 1345 1361 1414 dimidiam
1391 1343 1521 1412 ciusdem

396 1453 507 1520 tributi
524 1439 667 1522 babebat
683 1455 834 1522 Ecclesia
850 1455 961 1522 Sancti
978 1456 1111 1540 Thomu,
1129 1453 1278 1521 omnibus
1304 1455 1386 1538 alijs
1414 1453 1519 1518 instru-

398 1561 515 1628 mentis
531 1581 722 1646 quocunque
738 1562 868 1646 ingenio
893 1562 963 1628 siue
989 1581 1090 1630 causa
1113 1581 1199 1628 nunc
1224 1583 1290 1630 non
1316 1559 1519 1647 aparentibus

397 1667 544 1736 omnibus
560 1671 690 1738 omnino
706 1669 828 1736 viribus
844 1669 1002 1735 carituris.
1020 1669 1059 1734 In
1076 1669 1167 1736 cuius
1184 1669 1298 1736 tributi
1307 1667 1515 1755 permutacio

398 1797 473 1843 nem
488 1777 559 1844 siue
575 1779 797 1846 concambium
813 1777 952 1863 sepefati
968 1779 1101 1844 Fratres
1126 1778 1230 1864 ipsius
1256 1777 1448 1844 Conuentus
1470 1761 1517 1839 er·

396 1906 510 1971 presso
526 1885 691 1952 mediante
708 1905 869 1952 consensu
897 1885 1111 1972 contulerunt,
1137 1884 1354 1972 tradiderunt,
1380 1881 1516 1965 assigna·

397 2001 516 2060 uerunt
531 1999 564 2059 et
578 1992 735 2060 dedorunt
749 1993 912 2076 quandam
925 1992 1043 2058 uillam
1062 1993 1117 2060 Isa
1131 2000 1291 2080 uocatam,
1309 1993 1411 2059 sitam
1436 1990 1517 2055 iuxta

398 2099 581 2168 Danubium
612 2099 646 2164 in
677 2099 839 2165 Gomitatu
872 2099 912 2164 de
944 2100 1104 2166 Comarun
1135 2102 1346 2184 pcnominate
1380 2097 1517 2164 Ecclesia

398 2205 511 2272 Sancti
525 2205 647 2270 Thome
662 2225 735 2272 cum
752 2204 900 2270 omnibus
926 2205 1119 2272 utilitatibus
1145 2213 1178 2272 et
1205 2207 1420 2292 pertinencijs
1444 2203 1512 2285 suis,

399 2310 552 2380 uidelicet
568 2309 766 2396 pisscaturis‚
793 2311 917 2397 insulis,
942 2312 1044 2397 siluis,
1069 2315 1196 2398 tenetis,
1222 2315 1318 2381 terris
1344 2310 1515 2382 arabilibus

399 2418 497 2486 cultis
528 2437 585 2484 sev
615 2416 755 2502 incultis,
780 2424 812 2483 et
836 2419 996 2485 uniuersis
1021 2421 1097 2506 alijs
1122 2422 1411 2489 communitatibus
1451 2415 1512 2502 (igy

401 2521 719 2615 „commoditatibus“
740 2521 878 2612 helyett)
895 2543 1086 2610 quocunque
1102 2529 1232 2596 nomine
1248 2534 1452 2610 censeantur,
1462 2523 1511 2592 sub

398 2635 522 2701 eisdem
537 2632 630 2700 metis
646 2639 679 2699 et
693 2631 848 2718 terminis,
866 2631 985 2715 quibus
1001 2633 1203 2702 honorabilis
1220 2642 1253 2701 et
1278 2636 1453 2720 religiosus
1476 2632 1515 2714 ip·

398 2761 507 2808 sarum
523 2738 727 2806 dominarum
744 2738 930 2806 Conuentus
947 2739 1109 2824 prefatam
1136 2742 1248 2808 villam
1265 2743 1321 2809 Isa
1347 2741 1444 2808 titulo
1470 2737 1515 2802 do·

324 2889 325 2892 =
396 2847 542 2914 nacionis
555 2866 612 2914 seu
627 2846 818 2914 collacionis
834 2847 940 2914 felicis
968 2847 1209 2915 recordacionis
1235 2851 1400 2932 quondam
1427 2847 1516 2928 Regis

397 2954 563 3039 Hungarie
579 2955 659 3023 Bele
674 2955 780 3038 quarti
796 2955 986 3040 possederat
1001 2956 1044 3020 ad
1060 2955 1122 3024 hec
1134 2964 1290 3041 tempora,
1307 2979 1400 3045 pure,
1419 2956 1515 3040 quieta

397 3066 495 3150 plene
510 3070 542 3130 et
558 3063 704 3149 pacifice,
720 3064 815 3149 pleno
835 3063 904 3130 iure
929 3063 1096 3147 assignato
1121 3063 1212 3132 dicte
1237 3065 1386 3134 Ecclesia
1412 3059 1513 3130 Sancti

398 3173 532 3256 Thomu,
550 3170 668 3257 prelati
684 3170 764 3237 Bele
778 3171 876 3253 Regis
902 3170 1078 3255 priuilegio
1104 3171 1319 3239 collacionem
1344 3193 1403 3239 seu
1429 3170 1515 3235 dona·

398 3281 523 3347 cionem
539 3277 684 3345 eiusdem
701 3277 781 3342 ville
797 3277 852 3342 Isa
868 3278 995 3360 plenius
1012 3285 1046 3343 ct
1063 3280 1247 3362 expressius
1273 3279 1468 3346 continente.
1484 3272 1514 3336 Iu

398 3387 488 3454 cuius
504 3385 552 3452 rei
569 3383 754 3450 memoriam
771 3391 937 3469 presentes
954 3385 1024 3451 dari
1040 3384 1175 3452 lecimus
1193 3387 1319 3454 litteras
1337 3407 1411 3453 curn
1428 3400 1515 3469 apen·
1581 3454 1583 3459 ,

325 3506 329 3511 ’
397 3495 489 3562 sione
505 3492 608 3559 nostri
624 3490 727 3575 sigilli
743 3491 897 3557 autentici
914 3492 1091 3558 munimine
1101 3495 1283 3560 roboratas.
1304 3496 1425 3561 Datum
1436 3486 1512 3578 apud

397 3603 522 3669 Budam
539 3619 623 3665 anno
639 3597 769 3665 Domini
785 3597 903 3664 Μθῦὒο
918 3600 1127 3684 nonagesimo
1144 3602 1258 3688 primo,
1275 3600 1441 3670 dominica
1451 3615 1513 3683 prc-

397 3709 486 3775 xima
497 3715 573 3792 post
587 3705 817 3775 decensionem
833 3707 975 3776 Domini.

396 3905 535 3972 (Ercdetia
548 3901 721 3971 bb'rhbrtydu,
734 3903 846 3972 melyrdl
858 3903 980 3973 a'pacsbt
1001 3903 1148 3972 irak-sarpa
1170 3907 1298 3961 asinbron
1311 3910 1388 3976 sugg,
1409 3923 1426 3960 a
1439 3901 1512 3958 hodsi
1578 3942 1582 3951 .

750 3995 802 4046 kir.
826 3996 948 4048 kamaraci
970 3993 1161 4064 levtlttrban.)
