3180 5202
568 291 742 448 'am

91 537 299 627 presencium
318 540 468 611 volumus
492 542 680 629 peruenire,
706 539 794 625 quod
823 537 980 607 Ladirlao
1005 537 1072 606 filio
1095 539 1225 610 Andree

93 648 156 734 filij
175 648 301 738 Bedelr,
318 657 351 716 et
375 652 472 718 Petro
503 671 543 718 ac
559 651 726 738 Stephano
743 651 820 736 filijs
849 650 974 717 Thome
990 650 1045 737 filij
1079 650 1224 718 eiusdem

91 757 210 824 Bedels
226 755 267 824 de
283 757 558 846 Haruadnempty
588 780 629 827 ex
645 779 710 826 rna
725 764 836 846 parte,
868 759 911 825 ab
929 759 1032 825 altera
1047 779 1126 825 vero
1142 757 1225 823 Lau·

90 865 204 932 reneio
221 871 252 931 et
267 864 496 934 Bartholomeo
522 867 599 952 filijs
625 865 773 932 Ladizlai
794 887 853 953 pro
878 886 934 955 se,
966 863 998 931 et
1014 885 1073 952 pro
1089 865 1224 931 Nicolao

91 973 199 1040 fratre
216 975 362 1058 ipsorum
378 993 486 1042 coram
503 975 597 1042 nobis
613 973 830 1060 personaliter
849 974 1042 1059 constitutis,
1059 993 1118 1061 per
1134 972 1223 1058 ipsos

91 1079 288 1148 Ladizlaum
304 1082 405 1148 filium
428 1082 558 1149 Andree
586 1090 618 1149 et
649 1083 732 1150 tilios
748 1083 872 1150 Thome
888 1083 1089 1169 propositum
1105 1079 1224 1164 extitit,

92 1185 183 1270 quod
198 1188 362 1272 quandam
377 1189 579 1273 particulam
597 1195 681 1256 terre
694 1189 836 1256 dedicta
851 1196 939 1257 terra
955 1209 1063 1256 eorum
1079 1186 1226 1254 Harnad·

5 1283 7 1350 ἒ
92 1300 242 1383 nempty,
259 1295 384 1363 scilicet
401 1295 442 1362 de
458 1297 611 1383 porcione
622 1317 731 1365 eorum
743 1299 819 1384 jure
835 1297 1031 1365 hereditario
1048 1295 1137 1382 ipsos
1153 1315 1225 1360 con-

92 1407 263 1488 tingente,
280 1404 322 1470 ad
339 1424 436 1470 vnum
456 1411 599 1470 aratrum
631 1405 867 1488 sufficientem,
898 1426 996 1488 quam
1027 1404 1117 1490 prius
1134 1403 1227 1468 iuxta

5 1513 6 1592 j
93 1511 235 1578 formam
251 1513 432 1579 litterarum
452 1519 634 1580 nostrarum
665 1512 901 1580 memorialium
934 1512 1055 1580 eisdem
1072 1511 1148 1596 filijs
1165 1511 1226 1576 La·

5 1621 7 1664 ³
93 1619 197 1686 dizlai
217 1641 277 1704 pro
287 1628 412 1706 septem
422 1625 540 1688 marcis
551 1621 758 1688 denariorum
769 1621 895 1708 pignori
913 1625 1141 1706 exposuerant,
1153 1639 1225 1684 cum

5 1717 7 1802 ἶ
94 1726 257 1794 uniuersis
272 1728 466 1794 utilitatibus
487 1727 564 1810 suis,
580 1728 676 1796 metis
695 1728 912 1816 infrascriptis
930 1728 971 1794 ub
988 1728 1065 1812 alijs
1080 1727 1226 1812 partibus

95 1833 245 1901 eiusdem
261 1835 428 1921 porcionis
443 1835 587 1921 ipsorum
597 1841 794 1923 separatam,
812 1841 844 1902 et
860 1835 1045 1919 specialiter
1062 1854 1134 1903 cum
1150 1852 1226 1916 qua·
1275 1843 1279 1852 ·

5 2019 7 2024 ,
97 1941 176 2006 dam
193 1941 340 2008 sessione
355 1941 450 2009 iuxta
474 1961 628 2026 magnum
658 1949 786 2029 portum
812 1943 901 2027 duuij
929 1940 1066 2008 Harnad
1091 1944 1226 2026 aparte

5 2037 7 2102 ἶ
95 2049 251 2116 orientali
269 2050 469 2136 existentem,
486 2069 544 2134 pro
561 2049 675 2116 eadem
700 2071 825 2152 summa
850 2051 985 2135 pecunie
1003 2048 1228 2116 vendidissent

5 2195 6 2200 κ
98 2163 130 2224 et
146 2155 362 2224 tradidissent
378 2157 474 2226 dietis
489 2157 567 2244 filijs
583 2149 730 2224 Ladialai
755 2158 819 2226 sibi
836 2165 868 2226 et
883 2158 951 2225 suis
977 2157 1153 2224 heredibus
1169 2155 1227 2222 he·

5 2255 7 2344 s
98 2265 279 2348 redumque
294 2287 424 2333 suorum
440 2267 679 2334 successoribus
705 2273 860 2352 perpetuo
877 2264 1109 2352 possidendam
1125 2270 1157 2330 et
1172 2265 1228 2329 ha·

5 2461 6 2464 Ἴ
97 2370 251 2440 bendum.
267 2376 406 2458 Insuper
421 2374 606 2458 obligarunt
628 2395 665 2440 se
690 2374 796 2440 dictus
811 2375 986 2442 Ladizlaus
1002 2373 1085 2442 filius
1101 2371 1229 2438 Andree

5 2509 6 2512 ¹
100 2486 134 2546 et
149 2480 209 2566 filij
228 2481 351 2549 Thome
375 2482 555 2569 supradicti
582 2488 615 2548 et
631 2481 767 2551 heredes
792 2485 937 2568 ipsorum
963 2481 1125 2569 predictos
1143 2479 1229 2546 filios

5 2621 7 2674 ὲ
98 2587 250 2655 Ladizlai
277 2597 309 2656 et
324 2591 461 2658 heredes
485 2589 659 2658 eorundem
684 2591 851 2660 uniuersos
878 2595 920 2660 ab
936 2591 1083 2658 omnibus
1099 2589 1229 2656 racione

101 2695 250 2763 eiusdem
266 2696 428 2782 particule
443 2705 529 2764 terre
545 2696 692 2782 inpetere
706 2699 886 2766 nitentibus
897 2699 1074 2766 defendere
1085 2703 1117 2766 et
1133 2713 1230 2781 expe·

101 2802 173 2870 dire
199 2805 341 2890 proprijs
364 2803 530 2871 laboribus
546 2811 578 2870 et
594 2805 753 2891 expensis.
770 2805 856 2874 Mete
872 2811 980 2872 autem
997 2803 1140 2873 eiusdem
1155 2819 1228 2886 par-

99 2910 199 2978 ticule
215 2917 313 3000 terre,
330 2917 425 2998 prout
440 2918 552 2998 partes
572 2931 682 2978 coram
697 2914 791 2979 uobis
816 2913 1013 3000 recitarunt,
1039 2913 1100 2978 hoe
1115 2907 1228 2975 ordine

5 2995 8 3114 ff
99 3017 375 3102 exprimerentur:
394 3019 482 3101 quod
507 3020 614 3104 prima
639 3025 726 3086 meta
755 3019 870 3105 incipit
894 3039 991 3105 super
1007 3016 1149 3102 quadam
1166 3034 1231 3084 ses·

5 3129 7 3202 t
99 3128 194 3194 sione
211 3129 275 3194 sita
291 3149 313 3193 a
328 3133 426 3210 parte
443 3127 597 3193 orientali
614 3128 706 3194 iuxta
721 3128 855 3194 fluuium
874 3127 1029 3211 Hamad;
1047 3125 1125 3191 inde
1141 3141 1230 3208 egre·

5 3217 7 3288 i
99 3235 188 3314 ditur
197 3231 241 3301 ad
251 3233 386 3300 eandem
397 3234 542 3320 plagam,
555 3241 587 3301 et
598 3234 703 3302 eundo
714 3235 857 3318 iungitur
866 3234 1029 3319 quoddam
1040 3232 1230 3319 pomerium,

5 3369 7 3408 z
101 3341 142 3410 de
158 3363 223 3426 quo
239 3342 439 3409 transeundo
455 3361 513 3427 per
527 3348 623 3426 prata
638 3341 728 3408 veuit
744 3341 788 3408 ad
805 3341 968 3427 quoddam
984 3340 1094 3427 berch,
1111 3339 1151 3406 de
1167 3358 1231 3420 quo

5 3455 7 3542 s
100 3450 209 3517 eundo
224 3450 512 3534 iungit‘quandam
530 3449 678 3516 arborem
695 3451 759 3537 piri
774 3471 832 3535 pro
848 3457 936 3518 meta
962 3453 1185 3534 assignatam,
1200 3451 1234 3514 et

5 3611 6 3626 ,
104 3555 214 3624 eundo
231 3559 271 3624 de
288 3557 404 3624 eadem
421 3558 511 3625 veuit
528 3559 570 3625 ad
585 3565 691 3625 metas
707 3559 834 3647 finales,
856 3564 889 3625 et
904 3558 1051 3645 predicte
1066 3563 1150 3624 mete
1160 3575 1233 3623 ean·

5 3653 7 3688 ³
102 3665 178 3731 dem
195 3665 390 3750 particulam
416 3673 501 3731 terre
530 3671 723 3750 separarent
755 3687 777 3731 a
793 3671 887 3752 parte
903 3664 1071 3749 orientali3
1104 3669 1234 3748 aparte

101 3781 211 3840 autem
228 3771 435 3840 meridionali
451 3793 512 3856 que
529 3780 694 3858 separant,
707 3780 818 3841 essent
834 3773 912 3840 hee:
929 3771 1130 3858 quodprima
1145 3777 1234 3836 meta

5 3895 7 3984 ὲ
101 3880 220 3966 incipit
235 3899 334 3966 super
349 3883 468 3946 metam
494 3881 717 3965 terminalem
750 3879 827 3948 inde
843 3880 1007 3964 egreditur
1023 3879 1066 3944 ad
1083 3877 1233 3945 occiden-

5 3997 7 4072 ζ
102 3995 179 4075 tem,
196 3994 229 4054 et
246 3989 353 4055 eundo
370 3987 494 4056 directe
510 3989 616 4073 iungit
631 3989 764 4056 fluuium
784 3987 921 4053 Hamad
937 3984 1117 4072 predictum
1131 4007 1139 4068 ς
1158 3986 1234 4052 etin

101 4096 245 4181 quodam
261 4095 334 4162 loco
349 4117 408 4182 per
423 4102 568 4162 meatum
594 4117 697 4182 aque,
716 4096 772 4178 qui
789 4093 845 4162 folr
861 4093 983 4160 dicitur
992 4142 1002 4179 ,
1035 4091 1123 4158 cadit
1137 4093 1171 4156 in
1187 4093 1234 4176 ip-

5 4201 7 4296 }
101 4225 173 4271 sum
189 4203 323 4273 fluuium
339 4205 486 4293 Harnad,
503 4212 536 4271 et
551 4211 664 4271 contra
689 4211 808 4271 metam
835 4201 975 4269 eandem
1006 4201 1113 4266 eundo
1129 4199 1235 4282 iungit

5 4301 7 4396 j
101 4314 221 4378 iterato
236 4310 401 4397 prefatam
432 4313 621 4392 sessionem,
654 4317 687 4378 et
702 4311 748 4378 ibi
763 4309 965 4379 terminatur.
999 4306 1038 4371 In
1069 4307 1161 4373 cuius
1177 4327 1234 4392 rey

5 4413 26 4421 ’
104 4419 326 4487 testimonium
342 4420 384 4486 ad
403 4419 598 4486 instanciam
625 4419 771 4505 parcium
796 4421 964 4501 presentes
985 4404 1177 4480 contulimus
1193 4412 1234 4480 si·

5 4527 7 4562 ²
105 4526 175 4612 gilli
191 4527 296 4594 nostri
313 4526 492 4594 munimine
507 4526 697 4613 roboratas,
730 4524 933 4612 presentibus
953 4527 1062 4588 tamen
1079 4519 1235 4605 Magistro

103 4635 252 4707 Johaune
267 4637 417 4724 Lactora,
432 4635 557 4727 Mykou
574 4635 735 4724 Custode,
756 4632 911 4721 Magistro
937 4631 1089 4707 Johanue
1114 4630 1156 4698 de
1171 4629 1235 4706 He-
