3132 5192
337 1154 405 1218 ΙΙΙ.
421 1155 528 1218 Ertdre
543 1159 653 1242 tirutp
668 1161 849 1240 maperdsiti
864 1153 986 1242 Apoldi
1011 1155 1138 1220 Arriold
1154 1176 1252 1218 ceum
1278 1149 1475 1238 ezcepye‘nelr

335 1260 548 1341 tautameos,
564 1265 705 1349 melylyel
731 1265 845 1350 Enyed
869 1271 949 1328 need
974 1263 1115 1328 dirtckdt
1140 1261 1265 1347 vejc'oelt
1289 1259 1472 1346 dtenysdte·

851 1369 948 1434 1292.

441 1542 588 1612 Andreas
602 1545 664 1611 Dei
673 1547 786 1630 gracia
801 1545 979 1629 Hungarie,
988 1544 1170 1631 Dalmacie,
1180 1544 1328 1627 Oroacic,
1341 1545 1468 1620 Rama,-

334 1649 457 1736 Sernie,
475 1650 623 1736 Galliae,
637 1644 839 1738 Lodomerie,
859 1651 1027 1734 Cumanis,
1054 1651 1272 1734 Bulgarieqne
1287 1651 1360 1716 Rex
1402 1669 1469 1714 om-

330 1756 423 1823 nibns
440 1757 557 1824 Christi
573 1759 721 1826 fidelibus
747 1765 916 1844 presentes
943 1759 1069 1826 litteras
1095 1758 1294 1842 inspecturis
1320 1757 1466 1823 salntem

329 1861 362 1926 in
388 1863 527 1930 Domino
551 1865 789 1949 sempiternam.
830 1866 882 1930 Ad
919 1865 1140 1932 uniuersorum
1166 1865 1321 1930 noticiam
1350 1871 1466 1930 tenore

328 1971 532 2052 presencium
548 1972 695 2038 volumus
712 1973 893 2058 peruenire,
910 1972 997 2055 qnod
1013 1971 1155 2038 uniuersi
1182 1972 1334 2037 Saxones
1351 1970 1396 2036 de
1415 1969 1463 2034 Oi·

328 2073 416 2140 binio
441 2076 485 2141 ad
515 2083 658 2144 nostram
684 2077 878 2144 accedentes
905 2079 1118 2164 presenciam,
1149 2079 1244 2145 nobis
1271 2079 1463 2163 significare

327 2192 530 2266 curanerunt‚
548 2185 633 2266 quod
649 2187 782 2252 domina
799 2185 914 2252 relicta
929 2186 1065 2252 comitis
1082 2187 1220 2252 Arnoldi
1237 2185 1309 2252 sine
1336 2183 1460 2250 herede

327 2286 511 2355 decedentis
527 2291 569 2356 de
584 2293 663 2358 villa
678 2291 795 2378 Apold,
812 2292 974 2374 quandam
993 2300 1112 2359 terram
1129 2293 1199 2360 siue
1210 2293 1459 2376 possessionem

327 2384 418 2459 suam
436 2395 547 2480 llnyed
574 2405 731 2483 vocatam,
764 2415 860 2482 quam
886 2419 926 2464 ex
952 2397 1135 2465 collacione
1162 2397 1262 2480 Regis
1294 2395 1458 2481 Stephani

267 2534 271 2542 ·
328 2499 475 2582 prefatus
491 2503 653 2570 Arnoldns
669 2506 803 2569 maritus
820 2502 964 2570 eiusdem
983 2503 1163 2572 dinoscitur
1180 2507 1387 2591 pessedisse,
1406 2524 1455 2572 se-

324 2605 462 2672 eundum
478 2607 661 2676 libertatem
686 2613 852 2678 Saxonum
868 2631 956 2677 more
972 2612 1081 2680 debito
1109 2621 1140 2678 et
1159 2621 1329 2699 consueto,
1357 2604 1462 2677 curii

327 2709 433 2776 stiauo
449 2712 517 2778 filio
533 2715 667 2801 Ludveg
682 2738 802 2800 genero
819 2738 877 2783 suo
893 2724 925 2784 et
941 2716 1007 2782 iilic
1031 2737 1099 2801 sue,
1125 2717 1282 2785 videlieet
1307 2715 1455 2802 consorti

326 2817 469 2881 eiusdem
486 2818 671 2909 Christiani,
687 2825 871 2909 reliquisset
889 2825 1042 2890 donasset
1059 2831 1092 2890 et
1117 2826 1261 2909 legasset
1287 2825 1358 2890 iure
1387 2842 1455 2908 per-

332 2929 428 3004 petue
446 2931 477 2988 ct
493 2925 745 2996 irreuocabilitcr
771 2930 1015 3019 possidendam,
1042 2953 1082 3000 eo
1113 2932 1184 2999 iure
1199 2939 1233 2999 et
1258 2953 1299 2997 ea
1316 2930 1457 3015 plenitu-

326 3025 409 3112 dine,
426 3035 692 3112 quemadmodum
707 3039 853 3124 prelatus
870 3042 985 3110 Comes
1000 3040 1166 3108 Arnoldus
1191 3043 1299 3126 ipsam
1326 3053 1455 3126 posses-

325 3134 446 3202 sionem
464 3143 567 3205 tenuit
582 3148 614 3207 et
631 3143 793 3228 possedit;
813 3154 959 3242 petentes
976 3169 997 3212 a
1017 3147 1110 3214 nobis
1133 3168 1206 3214 cum
1224 3145 1405 3228 instancia,
1424 3147 1456 3205 ut

325 3262 384 3306 nos
400 3244 610 3313 collacionem
628 3249 714 3316 dicte
732 3252 843 3318 relicte
860 3252 994 3322 Comitis
1009 3256 1146 3321 Arnoldi
1165 3256 1258 3320 iuxta
1274 3251 1452 3319 eorundem
1565 3294 1566 3297 ,

325 3347 505 3416 libertatem
523 3353 640 3420 factam
667 3357 825 3425 ratifieare
841 3367 873 3424 et
889 3363 1072 3446 approbare
1097 3363 1317 3445 dignaremur,
1336 3379 1376 3422 ae
1402 3379 1452 3422 no·

323 3462 388 3518 stro
415 3457 585 3540 priuilegio
617 3467 814 3532 confirmare.
846 3469 988 3546 Quorum
1020 3491 1080 3536 nos
1112 3470 1208 3535 iustis
1234 3466 1453 3553 peticionibus

323 3557 480 3640 inclinati,
514 3567 617 3648 ipsam
642 3572 851 3638 collacionem
880 3576 994 3642 relicte
1018 3576 1152 3642 Comitis
1190 3575 1330 3642 Arnoldi
1358 3574 1447 3639 dicte

323 3666 538 3744 possessionis
555 3671 634 3737 ville
648 3677 762 3762 Enyed
789 3686 901 3747 vocate
918 3681 1039 3748 factam
1065 3684 1290 3768 approbantes
1315 3681 1442 3746 uatilica
1565 3672 1566 3681 ’

323 3787 403 3853 mus,
422 3778 454 3835 et
479 3782 588 3841 nostro
613 3784 754 3860 presenti
778 3785 949 3870 priuilegio
976 3791 1214 3876 confirmamus,
1240 3789 1386 3874 duplicis
1412 3787 1449 3852 si·

323 3877 395 3960 gilli
412 3881 512 3945 nostri
530 3884 704 3953 munimine
735 3892 926 3960 roborando.
958 3897 1078 3961 Datum
1105 3917 1163 3980 per
1180 3917 1297 3964 manus
1316 3893 1448 3961 disereti

321 3983 383 4050 viri
400 3987 549 4071 Magistri
565 3990 725 4060 Theodori
743 3997 904 4082 Prepositi
921 4001 1074 4069 Albensis
1084 4005 1241 4088 Ecclesia,
1251 4004 1330 4071 aule
1339 4010 1449 4069 nostre
1564 4079 1565 4084 ἵ

320 4089 399 4155 Vice
416 4091 612 4180 (lancellarij
630 4098 738 4166 dilecti
755 4107 788 4166 et
804 4103 908 4170 fidelis
925 4107 1035 4172 nostri.
1051 4108 1147 4174 Anno
1173 4110 1367 4176 millessimo
1394 4109 1447 4173 dn·

318 4195 491 4265 centesimo
507 4205 715 4287 nonagesimo
726 4208 1055 4293 sccundo‚undeclmo
1067 4215 1224 4284 calendas
1234 4217 1326 4302 Julii,
1337 4216 1444 4300 Regni

321 4309 429 4370 autem
446 4307 650 4378 nostrianno
666 4313 818 4380 secundo.

320 4481 447 4546 (Teutsch
461 4483 489 4536 dr
503 4487 661 4554 Flrnhsber,
684 4491 905 4544 Urkundeubuch
926 4509 975 4545 zur
995 4497 1159 4552 Geechichte
1182 4503 1407 4576 Siebenbltrgenr
1430 4509 1448 4556 I·
1564 4557 1565 4560 ,

715 4581 772 4632 ket.
783 4579 850 4632 Βόα
864 4583 942 4636 ΙΘΒῚ.
958 4587 1016 4638 180.
1030 4589 1049 4640 l.

774 4734 986 4756 Ἠ-
