3146 5192
866 271 1246 410 „am”

381 519 441 566 nos
457 501 620 586 recepisse
638 503 762 570 litteras
781 503 919 573 Comitis
930 503 1061 570 Martini
1079 501 1167 574 Vioe·
1171 502 1296 570 Judicis
1325 501 1417 570 Ourie
1439 503 1490 570 lle
1546 557 1550 624 4

380 615 447 674 stre
462 609 678 677 Serenitatis
670 631 704 676 1n
721 611 780 678 hec
796 613 919 678 uerba:

488 717 607 781 Datum
630 737 688 803 pro
718 719 872 784 momoria
904 718 965 784 stb.
998 715 1211 804 (kdvetlrenilr
1243 719 1369 784 Marton
1399 737 1493 785 comcs
1547 659 1550 800 i

380 823 672 906 alorszdgbirtnak
716 827 816 893 1297-
818 828 854 892 ki
896 826 1149 911 torvenykezesi
1180 825 1394 894 intezkedeae
1424 826 1494 890 mint
1548 817 1550 872 l

381 929 553 997 fentebbl
560 932 601 996 l6
617 950 660 996 sa
687 929 733 1018 a.)
1548 883 1550 980 i

486 1039 554 1104 Nos
570 1057 646 1105 uero
662 1037 820 1123 peticioni
836 1038 982 1107 eiusdem
1000 1039 1135 1107 Comitis
1160 1040 1293 1107 Martini
1318 1039 1494 1106 satisfacere
1548 1023 1550 1066 ³

379 1146 525 1212 nolentes
541 1143 708 1214 mediante
724 1147 869 1228 iusticia,
886 1169 959 1214 oum
985 1147 1112 1231 prelato
1137 1147 1269 1215 Andrea
1298 1146 1429 1214 homine
1451 1166 1496 1211 ne·
1547 1099 1550 1200 i

378 1255 446 1318 stro
462 1251 503 1318 de
519 1253 617 1338 Chen,
635 1253 796 1320 hominem
814 1255 1164 1340 nostrumtidedignnm
1180 1255 1311 1321 nomine
1337 1254 1495 1320 Martinam
1545 1201 1550 1342 i

378 1356 534 1425 Olerioum
552 1361 627 1426 Cori
643 1361 747 1428 nastri
764 1362 807 1428 ad
823 1363 983 1448 premissa
1000 1362 1211 1448 exsequenda
1236 1382 1295 1448 pro
1321 1361 1496 1427 testimonio

378 1467 562 1535 curarimus
579 1467 755 1556 destinari3
774 1470 829 1554 qui
847 1469 976 1534 demum
998 1469 1041 1535 ad
1065 1489 1125 1538 nos
1150 1470 1271 1536 reuersi
1296 1468 1396 1535 nobis
1419 1467 1550 1532 dixe·

379 1579 462 1658 runt,
480 1573 567 1658 quod
583 1573 730 1661 predicte
747 1583 857 1663 partes
873 1577 1011 1645 aduerse
1026 1577 1060 1642 in
1076 1577 1158 1662 ipsis
1181 1575 1356 1660 quindenis
1381 1573 1495 1640 Natiui—
1543 1561 1550 1624 ³³

379 1680 455 1748 tatis
471 1681 582 1748 Sancti
599 1683 759 1752 Johannis
776 1686 926 1772 Baptiste
941 1707 1040 1770 super
1056 1685 1174 1751 taciem
1199 1684 1347 1771 predicte
1373 1701 1489 1766 posses·

377 1791 478 1858 sionis
494 1792 606 1874 Dorog
622 1799 736 1859 uocate
753 1795 980 1878 accessissent,
998 1799 1030 1858 et
1046 1793 1234 1860 conuocatis
1251 1792 1374 1858 uicinis
1399 1809 1491 1855 ream·
1544 1777 1550 1904 j

377 1898 548 1966 bulassent
574 1901 680 1985 ipsam
697 1901 958 1987 possessionem3
977 1909 1009 1966 et
1025 1901 1167 1987 prefatus
1185 1898 1300 1967 (lomes
1314 1899 1491 1985 Stephanus
1547 1911 1550 2000 ᾗ

376 2005 536 2075 Officialis
553 2006 729 2075 earundem
746 2010 947 2075 dominarum
964 2010 1068 2094 primo
1086 2015 1119 2075 et
1143 2007 1369 2093 principaliter
1388 2006 1428 2073 de
1450 1993 1492 2070 eass
1547 2003 1550 2104 l

378 2115 449 2192 dem
467 2115 672 2200 possessione
688 2117 903 2202 inpediuisset
919 2115 1081 2202 quoddam
1097 2135 1221 2200 nemus,
1232 2114 1321 2200 quod
1332 2135 1407 2181 cum
1415 2121 1492 2180 terra
1548 2107 1550 2184 l

375 2223 492 2291 arabili
510 2223 753 2310 comprehendit
767 2226 801 2291 in
817 2245 854 2292 se
869 2223 986 2307 uiginti
1002 2225 1115 2309 iugera
1129 2229 1288 2290 terrarum
1304 2221 1401 2288 iuxta
1409 2221 1491 2288 semi·
1544 2211 1550 2288 l

372 2339 450 2414 tam,
469 2327 527 2418 per
544 2351 639 2416 quam
657 2331 722 2398 itur
738 2333 770 2397 in
789 2331 954 2414 Choluok3
973 2341 1005 2400 et
1020 2335 1110 2398 iuxta
1127 2331 1264 2398 eandem
1280 2333 1431 2398 semitam
1445 2346 1488 2393 re·

374 2441 538 2526 sapuisset
565 2437 681 2508 fundos
711 2441 915 2524 quarundam
942 2442 1112 2525 curiarum,
1143 2460 1215 2506 cum
1245 2460 1305 2506 sex
1333 2438 1438 2506 vineis
1464 2443 1492 2500 ln

372 2547 548 2614 monticulo
565 2547 794 2634 existentibus;
813 2555 845 2614 et
861 2551 921 2616 snb
938 2549 1052 2616 eodem
1068 2548 1244 2615 monticulo
1258 2545 1374 2614 decem
1390 2546 1492 2629 iugera

372 2661 529 2722 terrarum
544 2655 629 2723 inter
645 2657 796 2741 publicas
812 2657 883 2724 vias
900 2659 1025 2725 scilicet
1041 2656 1295 2741 Strigoniensem
1323 2661 1357 2723 et
1381 2655 1491 2720 Kama-

370 2761 512 2831 ricnsem
529 2761 728 2850 existenoia3
745 2769 777 2830 et
793 2764 911 2831 dehinc
935 2764 1071 2832 subula
1096 2783 1240 2854 gregum,
1266 2782 1332 2846 que
1356 2769 1433 2848 exyt
1456 2757 1491 2824 dc
1546 2715 1550 2874 i

371 2871 455 2939 uilla
471 2871 582 2957 Dorog
606 2893 663 2956 per
688 2877 816 2956 portam
840 2891 954 2940 uersus
981 2872 1122 2939 fanetum
1147 2870 1345 2958 reinpediuit
1373 2872 1489 2934 centnm
1548 2897 1550 2970 ξ

372 2979 487 3064 iugera
502 2985 660 3046 terrarum
677 2980 852 3048 arabilium
878 3001 949 3048 oum
976 2980 1151 3048 medietate
1175 2979 1279 3064 ipsius
1312 2977 1433 3058 feneti;
1462 2978 1490 3040 ct
1548 2977 1550 3054 l

371 3085 488 3152 dehinc
504 3085 588 3152 inter
604 3089 686 3168 uias,
704 3087 858 3154 uidelicet
874 3107 931 3171 per
947 3105 1028 3170 quas
1044 3087 1110 3155 itur
1138 3083 1264 3152 Budam
1292 3091 1325 3152 et
1353 3087 1388 3150 in
1412 3080 1489 3148 Wol·
1548 3077 1550 3140 ἕ

372 3195 458 3260 moth
475 3193 592 3277 uiginti
608 3193 723 3278 iugera
738 3201 896 3260 terrarum
914 3195 1109 3278 existencia;
1135 3199 1167 3260 et
1193 3192 1312 3259 dehinc
1340 3192 1402 3258 sub
1426 3193 1488 3254 orto
1549 3225 1550 3234 2

370 3299 490 3367 olerum
507 3299 642 3385 triginta
657 3301 771 3385 iugera
787 3309 963 3386 terrarum;
980 3309 1012 3369 et
1036 3300 1158 3369 deinde
1183 3319 1281 3384 super
1307 3300 1408 3383 uiam,
1435 3315 1485 3381 per

370 3430 467 3494 quam
478 3409 541 3475 itur
552 3409 739 3477 inOholnok
751 3411 974 3479 assoeudcndo
986 3413 1026 3478 de
1036 3411 1178 3494 quodam
1190 3409 1330 3493 uirgulto
1341 3405 1488 3490 incipieu-

370 3517 411 3583 do
422 3517 622 3602 reinpediuit
637 3538 694 3584 sex
710 3519 833 3602 uineas,
853 3519 893 3583 de
909 3519 1026 3602 quibus
1044 3517 1173 3602 quidem
1185 3523 1250 3582 tres
1260 3514 1413 3582 dixerunt
1422 3529 1488 3578 esse

368 3623 480 3692 vineas
498 3623 640 3710 Capituli
656 3627 803 3692 Ecclesie
819 3625 1070 3711 Strigoniensis3
1097 3631 1130 3690 et
1153 3625 1212 3690 sub
1238 3621 1361 3688 eisdem
1388 3619 1487 3686 vineis

370 3753 408 3798 ex
425 3738 562 3816 utraque
580 3739 672 3815 parte
688 3732 790 3818 ipsius
806 3733 859 3799 vie
876 3736 985 3800 cuntis
1002 3735 1035 3799 in
1051 3731 1199 3798 Gholnolr
1211 3721 1488 3814 reinpediuitqua'·

367 3839 519 3922 draginta
534 3843 648 3921 iugera
668 3846 844 3925 terrarum3
872 3849 904 3906 et
928 3840 988 3908 sub
1015 3839 1128 3905 eadem
1154 3838 1210 3903 uia
1234 3857 1255 3902 a
1280 3845 1373 3920 parte
1405 3841 1484 3899 terre

335 3946 527 4042 'Wolmoth
559 3947 650 4010 iuxta
682 3947 818 4013 eandem
857 3949 943 4015 uiam
986 3945 1145 4032 inpedioit
1185 3943 1320 4011 terciam
1363 3947 1482 4028 partem

367 4053 536 4120 cuiusdam
551 4054 670 4121 montis
687 4075 760 4120 oum
776 4054 917 4137 uirgulto
934 4055 1094 4122 existente
1111 4055 1145 4120 in
1163 4053 1295 4138 eodem,
1314 4059 1407 4136 prout
1424 4069 1481 4114 me·
1548 4067 1550 4070 ·

368 4161 423 4227 tiri
440 4168 471 4227 et
488 4161 688 4247 circumspici
713 4163 820 4246 potuit
844 4184 901 4248 per
926 4170 1068 4229 uestrum
1093 4163 1256 4228 hominem
1288 4167 1321 4225 et
1344 4165 1481 4225 nostrum

367 4269 583 4352 supradictos.
601 4269 722 4334 Datum
738 4269 772 4335 in
787 4269 930 4337 crastino
946 4271 1090 4354 ipsarum
1116 4267 1352 4354 quindenarum
1377 4255 1479 4330 Sancti

364 4375 526 4442 Johannis
543 4376 690 4462 Baptiste
705 4395 791 4440 anno
811 4375 943 4442 Domini
969 4375 1091 4443 ΜῦΟΟο
1107 4373 1317 4457 nonagesimo
1342 4370 1479 4456 septimo·

366 4533 502 4602 (Eredetio
514 4532 690 4600 bllrhdrtydm
704 4537 832 4602 melynelc
844 4533 964 4604 pecsttje
977 4535 1111 4590 olrssnett
1121 4556 1127 4600 ς
1138 4550 1156 4586 a
1180 4535 1264 4587 budai
1286 4535 1339 4592 kir.
1367 4531 1479 4586 kamarai

828 4623 1019 4688 leveltdrban.)
