3132 5192
839 335 997 436 „ras—

354 530 432 596 tatis
449 529 574 597 uicibus
590 531 679 616 prins
695 530 787 598 nobis
804 551 860 615 per
875 551 951 599 snos
967 531 1101 598 nuncios
1117 539 1150 598 et
1165 535 1391 614 procuratores
1406 549 1481 616 spe-

352 638 453 702 ciales
468 637 652 718 significare
667 647 830 727 curarunt,
845 640 932 724 qnod
948 639 1047 723 ijdem
1065 638 1203 706 Uillious
1221 645 1253 704 et
1265 639 1356 705 eines
1369 645 1486 704 conda

346 743 557 827 jndiciariam
567 745 808 813 ordinacionem
818 748 1116 830 diffinicionemqne
1127 753 1283 834 nostram,
1295 747 1483 814 litterarum

351 861 532 920 nostrarum
549 855 651 922 tenori
666 855 861 922 luculentius
876 856 1092 941 intersertam,
1108 856 1333 940 presnmcione
1351 859 1386 918 et
1406 873 1485 920 auc*

351 961 481 1029 toritate
496 963 627 1047 propria
643 969 765 1030 temere
780 967 961 1044 venientes,
978 983 1076 1050 super
1091 966 1229 1049 populos
1246 964 1318 1030 sine
1335 961 1479 1044 iobagio·

350 1089 409 1135 ncs
425 1071 570 1136 eiusdem
587 1069 709 1136 domini
725 1069 981 1156 Archyepiscopi
997 1121 1006 1151 ,
1023 1077 1056 1137 et
1072 1069 1214 1156 Capituli
1243 1070 1305 1154 sui,
1329 1088 1371 1134 ac
1397 1067 1481 1134 eius·

351 1177 424 1243 dom
441 1178 586 1244 Ecclesic
603 1177 714 1244 Sancti
730 1177 852 1245 Thome
864 1179 1069 1245 exaccionem
1081 1187 1113 1244 et
1130 1179 1298 1245 collectam
1315 1175 1483 1259 fecissent,

350 1283 461 1350 fractis
478 1284 593 1368 hostijs
610 1283 776 1352 domorum
803 1293 835 1351 et
860 1285 965 1369 captis
993 1286 1183 1374 pignoribus
1209 1284 1399 1368 eorundem,
1426 1282 1482 1367 qni

350 1393 528 1478 collectam,
544 1413 603 1476 per
618 1394 707 1477 ipsos
724 1393 877 1459 Uillicum
893 1403 926 1462 et
941 1395 1039 1460 (lines
1056 1415 1112 1478 per
1129 1395 1233 1460 solam
1261 1393 1339 1459 sacti
1366 1403 1479 1478 poten·

350 1498 433 1564 ciam
450 1499 623 1564 temeraria
639 1505 671 1564 et
687 1499 834 1568 fastuosa
859 1502 1104 1586 presumpcione
1128 1499 1286 1568 uiolenter
1310 1497 1480 1582 indictam,

350 1605 433 1670 sicut
450 1603 489 1672 de
505 1605 574 1672 iure
590 1607 762 1695 debebant,
778 1610 905 1676 soluere
921 1611 1117 1692 renuebant3
1135 1609 1193 1674 lite
1209 1608 1376 1692 pendente
1393 1607 1480 1674 inter

349 1720 459 1795 partes
476 1715 624 1800 superins
641 1723 843 1798 memoratas,
863 1715 1028 1801 predictos
1039 1716 1235 1800 jobagiones
1260 1716 1416 1803 ipsorum,
1433 1717 1482 1782 ui-

349 1819 467 1886 delicet
481 1821 569 1889 intra
583 1823 739 1890 fossatum
755 1825 979 1908 strigoniense
995 1827 1198 1908 constitutos,
1215 1831 1327 1891 astare
1353 1845 1413 1890 suo
1431 1826 1478 1888 irr-

348 1923 432 1994 dicio
450 1930 691 2016 compellentes,
709 1937 741 1998 et
757 1933 893 1999 macella
919 1933 1103 2000 carnificum
1128 1939 1164 1998 ut
1187 1933 1294 2016 ipsam
1320 1929 1480 2014 Strigoni-

348 2053 457 2100 ensem
477 2037 655 2104 Ecclesiam
671 2040 739 2106 inre
756 2057 822 2123 suo,
839 2061 880 2106 ex
895 2041 975 2125 ipsis
1001 2039 1149 2106 macellis
1175 2040 1396 2125 proveniente,
1425 2038 1480 2104 de-

346 2139 499 2208 sraudare
514 2151 546 2208 ct
562 2143 792 2230 dampnificare
808 2149 949 2233 valeant,
966 2167 987 2212 a
1002 2148 1074 2214 loco
1090 2148 1199 2215 debito
1227 2148 1312 2214 alias
1337 2148 1479 2213 transfe-

346 2249 455 2333 rendo,
471 2258 504 2317 et
519 2253 604 2335 qnod
621 2253 771 2320 Uillicum
788 2253 828 2321 de
845 2256 1010 2341 Keztelch,
1023 2255 1234 2339 jobagionem
1250 2255 1398 2320 eiusdem
1416 2254 1478 2319 Ca-

346 2355 449 2438 pituli,
465 2366 577 2423 contra
593 2359 775 2426 libertatem
792 2361 940 2428 Ecclesie
956 2363 1192 2444 Strigoniensis
1209 2370 1243 2428 et
1252 2359 1477 2427 ordinacionis

346 2469 454 2530 nostre
469 2465 594 2552 scriem,
612 2467 646 2533 in
662 2470 777 2536 nostris
793 2477 978 2536 contentam
994 2471 1121 2557 litteris,
1140 2471 1370 2554 captiuassent
1387 2477 1421 2536 et
1444 2469 1478 2534 in

346 2592 403 2636 erro
421 2572 601 2640 detinerent
627 2597 755 2644 carcerc
781 2578 921 2662 captiuis
947 2579 1086 2645 uinculis
1103 2577 1333 2662 mancipatum.
1359 2578 1476 2642 Verum

345 2697 415 2741 cnm
431 2701 489 2746 nos
505 2683 705 2766 Strigoninm
716 2685 891 2752 casualiter
905 2687 1115 2770 uenissemns,
1129 2693 1161 2752 et
1173 2685 1331 2770 predictis
1344 2683 1475 2764 Uillico‚
1564 2703 1565 2708 ¹

345 2786 468 2852 Juratis
484 2795 515 2852 et
530 2791 689 2858 uniuersis
706 2793 839 2858 (linibus
855 2793 1143 2874 strigoniensibus,
1161 2792 1205 2858 ad
1231 2801 1379 2859 nostram
1410 2810 1476 2874 prc-

345 2892 485 2958 sanciam
502 2894 694 2964 iudicialiter
711 2900 866 2979 euocatis,
883 2902 1084 2967 asserciones
1100 2909 1311 2982 utrarumque
1326 2898 1475 2983 parcium

345 3007 440 3081 pront
456 3002 645 3091 debuimus,
662 3015 790 3072 seruato
806 3007 886 3074 inris
903 3007 1026 3092 ordine,
1043 3009 1222 3076 secundum
1240 3008 1378 3072 formam
1397 3005 1475 3070 indi·

344 3103 383 3187 cij
401 3107 580 3194 audientes,
598 3113 891 3198 examinassemns3
908 3115 985 3198 qnia
1001 3114 1078 3180 licet
1104 3115 1260 3200 predictis
1288 3113 1418 3178 ciuibus
1443 3113 1474 3176 in

344 3211 410 3276 suis
430 3217 702 3303 responsionibus,
718 3220 875 3303 imprimis
892 3241 956 3287 non
973 3222 1043 3287 sine
1067 3222 1206 3289 notabili
1231 3220 1380 3288 falsitate
1405 3219 1474 3306 plu·
1564 3283 1565 3292 ,

343 3318 456 3385 rimnm
474 3322 693 3412 nariantibns,
710 3327 754 3392 ad
770 3329 917 3393 ultimum
935 3337 1052 3414 tamen,
1070 3349 1142 3394 cnm
1159 3329 1202 3394 ad
1219 3329 1396 3395 ueritatem
1424 3346 1473 3390 ne·
1562 3415 1564 3420 Ι

343 3427 425 3509 gocij
445 3436 575 3493 ncntum
594 3429 662 3514 fnit,
676 3433 837 3514 prelibata
854 3435 1333 3519 inraEcclesieStrigoniensis
1352 3453 1475 3516 expro·
1563 3495 1564 3504 ,

343 3533 416 3613 prin
441 3533 640 3602 consessione
666 3543 809 3605 astruere
850 3547 883 3606 et
907 3541 1070 3608 affirmare
1096 3561 1232 3607 necesse
1257 3541 1475 3626 habentibns;

343 3635 447 3714 ipsum
464 3638 627 3705 dominnm
643 3643 944 3732 Archyepiscopnm
962 3657 993 3713 ct
1008 3669 1101 3714 snum
1119 3647 1318 3732 Capitulum,
1345 3671 1474 3718 necnon
1561 3695 1564 3708 ·

342 3740 518 3808 Ecclesiam
536 3746 646 3813 Sancti
662 3750 784 3816 Thome
799 3735 989 3838 predictam,
1007 3763 1084 3822 ante
1100 3762 1251 3843 tempora
1281 3761 1463 3826 coronacio

343 3846 393 3911 nis
409 3856 527 3936 nostre,
544 3859 576 3917 et
591 3861 704 3937 postea
720 3865 862 3943 tempore
874 3863 1047 3949 motelitis,
1062 3864 1159 3930 nobis
1176 3865 1325 3932 constitit
1336 3867 1472 3933 eniden-

341 3961 397 4037 ter,
415 3955 612 4042 icbagiones
628 3981 685 4028 sen
710 3968 847 4048 populos
874 3977 905 4033 et
929 3970 1088 4050 quosdam
1114 3973 1289 4039 censuales
1315 3971 1475 4040 habuisse

342 4059 427 4124 intra
442 4063 599 4129 fossatum
617 4067 847 4156 Strigoniense,
866 4081 897 4138 et
912 4074 1078 4158 predictos
1105 4077 1302 4161 iobagiones
1330 4099 1393 4148 seu
1421 4101 1473 4166 po·

341 4165 434 4246 pulos
451 4166 484 4230 in
502 4169 685 4256 iudicando,
702 4193 741 4238 ac
752 4177 850 4242 aliam
861 4181 1040 4262 quamlibet
1056 4184 1324 4252 rurrsdrcoronem
1336 4185 1473 4271 inipsos

341 4272 527 4356 exercendo,
544 4277 678 4358 pacifice
693 4289 725 4347 et
740 4284 862 4369 absque
879 4287 1117 4369 inquietatione
1132 4291 1246 4375 aliqua
1270 4295 1471 4375 possedisse,

342 4381 374 4436 ct
399 4379 513 4442 asnis
539 4385 745 4454 censualibus
771 4389 840 4458 sine
865 4395 1127 4463 contradiccione
1156 4417 1291 4464 censum
1326 4421 1469 4466 annuum

341 4483 535 4594 percepisse,
552 4507 589 4553 aa
606 4509 627 4552 a
642 4495 787 4561 macellis
805 4499 958 4564 tributum
985 4503 1154 4586 accepisse
1182 4513 1215 4572 et
1242 4506 1371 4590 pariter
1397 4527 1468 4574 exe·

342 4601 447 4665 grese5
465 4587 540 4666 quia
555 4593 655 4660 eciam
673 4599 806 4667 discreti
823 4605 883 4668 viri
900 4607 1054 4688 Magister
1070 4609 1258 4696 Cyprianus
1273 4614 1396 4680 Lector
1412 4615 1467 4680 Ec-
