<?xml version="1.0" encoding="UTF-8"?>
<!DOCTYPE html PUBLIC "-//W3C//DTD XHTML 1.0 Transitional//EN"
    "http://www.w3.org/TR/xhtml1/DTD/xhtml1-transitional.dtd">
<html xmlns="http://www.w3.org/1999/xhtml" xml:lang="en" lang="en">
 <head>
  <title>
</title>
<meta http-equiv="Content-Type" content="text/html;charset=utf-8" />
  <meta name='ocr-system' content='tesseract 3.04.00' />
  <meta name='ocr-capabilities' content='ocr_page ocr_carea ocr_par ocr_line ocrx_word'/>
</head>
<body>
  <div class='ocr_page' id='page_1' title='image "./codexdiplomatic03wenzgoog_0141.png"; bbox 0 0 3132 5192; ppageno 0'>
   <div class='ocr_carea' id='block_1_1' title="bbox 611 330 770 430">
    <p class='ocr_par' dir='ltr' id='par_1_1' title="bbox 611 330 770 430">
     <span class='ocr_line' id='line_1_1' title="bbox 611 330 770 430; baseline 0 -34"><span class='ocrx_word' id='word_1_1' title='bbox 611 330 770 430; x_wconf 50' lang='lat' dir='ltr'>Qi-</span> 
     </span>
    </p>
   </div>
   <div class='ocr_carea' id='block_1_2' title="bbox 66 521 1325 4712">
    <p class='ocr_par' dir='ltr' id='par_1_2' title="bbox 66 521 1325 4712">
     <span class='ocr_line' id='line_1_2' title="bbox 118 521 1252 612; baseline 0.006 -27"><span class='ocrx_word' id='word_1_2' title='bbox 118 521 180 586; x_wconf 84' lang='lat' dir='ltr'>rari</span> <span class='ocrx_word' id='word_1_3' title='bbox 198 521 233 587; x_wconf 93' lang='lat' dir='ltr'>in</span> <span class='ocrx_word' id='word_1_4' title='bbox 252 531 350 607; x_wconf 92' lang='lat' dir='ltr'>portu</span> <span class='ocrx_word' id='word_1_5' title='bbox 374 525 515 610; x_wconf 82' lang='lat' dir='ltr'>Annene,</span> <span class='ocrx_word' id='word_1_6' title='bbox 532 534 564 592; x_wconf 85' lang='lat' dir='ltr'>et</span> <span class='ocrx_word' id='word_1_7' title='bbox 581 528 614 593; x_wconf 83' lang='lat' dir='ltr'>in</span> <span class='ocrx_word' id='word_1_8' title='bbox 639 526 772 594; x_wconf 83' lang='lat' dir='ltr'>ciuitate</span> <span class='ocrx_word' id='word_1_9' title='bbox 787 526 920 594; x_wconf 80' lang='lat' dir='ltr'>Anconc</span> <span class='ocrx_word' id='word_1_10' title='bbox 937 527 1071 610; x_wconf 87' lang='lat' dir='ltr'>eiusque</span> <span class='ocrx_word' id='word_1_11' title='bbox 1087 525 1252 612; x_wconf 84' lang='lat' dir='ltr'>Distriotu,</span> 
     </span>
     <span class='ocr_line' id='line_1_3' title="bbox 115 628 1279 720; baseline 0.001 -27"><span class='ocrx_word' id='word_1_12' title='bbox 115 628 215 695; x_wconf 89' lang='lat' dir='ltr'>libere</span> <span class='ocrx_word' id='word_1_13' title='bbox 233 638 268 696; x_wconf 86' lang='lat' dir='ltr'>ct</span> <span class='ocrx_word' id='word_1_14' title='bbox 291 632 452 720; x_wconf 84' lang='lat' dir='ltr'>absolute,</span> <span class='ocrx_word' id='word_1_15' title='bbox 469 654 542 701; x_wconf 87' lang='lat' dir='ltr'>eum</span> <span class='ocrx_word' id='word_1_16' title='bbox 560 636 711 702; x_wconf 86' lang='lat' dir='ltr'>omnibus</span> <span class='ocrx_word' id='word_1_17' title='bbox 735 635 832 702; x_wconf 90' lang='lat' dir='ltr'>rebus</span> <span class='ocrx_word' id='word_1_18' title='bbox 858 641 890 703; x_wconf 91' lang='lat' dir='ltr'>et</span> <span class='ocrx_word' id='word_1_19' title='bbox 905 634 1172 716; x_wconf 84' lang='lat' dir='ltr'>mercacionibus,</span> <span class='ocrx_word' id='word_1_20' title='bbox 1187 653 1249 717; x_wconf 89' lang='lat' dir='ltr'>que</span> <span class='ocrx_word' id='word_1_21' title='bbox 1273 684 1279 694; x_wconf 90' lang='lat'>.</span> 
     </span>
     <span class='ocr_line' id='line_1_4' title="bbox 116 738 1245 828; baseline 0.005 -26"><span class='ocrx_word' id='word_1_22' title='bbox 116 739 264 804; x_wconf 87' lang='lat' dir='ltr'>oriuntur</span> <span class='ocrx_word' id='word_1_23' title='bbox 280 738 312 804; x_wconf 88' lang='lat' dir='ltr'>iu</span> <span class='ocrx_word' id='word_1_24' title='bbox 330 740 516 824; x_wconf 82' lang='lat' dir='ltr'>Sciauonia,</span> <span class='ocrx_word' id='word_1_25' title='bbox 533 748 564 806; x_wconf 90' lang='lat' dir='ltr'>et</span> <span class='ocrx_word' id='word_1_26' title='bbox 579 743 668 828; x_wconf 85' lang='lat' dir='ltr'>ipses</span> <span class='ocrx_word' id='word_1_27' title='bbox 679 743 820 810; x_wconf 86' lang='lat' dir='ltr'>vendere</span> <span class='ocrx_word' id='word_1_28' title='bbox 835 742 1019 808; x_wconf 88' lang='lat' dir='ltr'>hominibus</span> <span class='ocrx_word' id='word_1_29' title='bbox 1033 743 1075 810; x_wconf 91' lang='lat' dir='ltr'>de</span> <span class='ocrx_word' id='word_1_30' title='bbox 1089 741 1245 826; x_wconf 83' lang='lat' dir='ltr'>Ancona3</span> 
     </span>
     <span class='ocr_line' id='line_1_5' title="bbox 116 848 1248 937; baseline 0.002 -26"><span class='ocrx_word' id='word_1_31' title='bbox 116 852 181 913; x_wconf 86' lang='lat' dir='ltr'>inm</span> <span class='ocrx_word' id='word_1_32' title='bbox 198 854 233 913; x_wconf 91' lang='lat' dir='ltr'>et</span> <span class='ocrx_word' id='word_1_33' title='bbox 250 849 295 912; x_wconf 84' lang='lat' dir='ltr'>ab</span> <span class='ocrx_word' id='word_1_34' title='bbox 311 849 392 932; x_wconf 88' lang='lat' dir='ltr'>ipsis</span> <span class='ocrx_word' id='word_1_35' title='bbox 408 848 448 914; x_wconf 90' lang='lat' dir='ltr'>dc</span> <span class='ocrx_word' id='word_1_36' title='bbox 458 849 592 918; x_wconf 84' lang='lat' dir='ltr'>Ancona</span> <span class='ocrx_word' id='word_1_37' title='bbox 602 853 703 918; x_wconf 83' lang='lat' dir='ltr'>eciam</span> <span class='ocrx_word' id='word_1_38' title='bbox 722 871 840 937; x_wconf 86' lang='lat' dir='ltr'>emere,</span> <span class='ocrx_word' id='word_1_39' title='bbox 858 857 890 917; x_wconf 87' lang='lat' dir='ltr'>et</span> <span class='ocrx_word' id='word_1_40' title='bbox 905 848 1010 916; x_wconf 90' lang='lat' dir='ltr'>redire</span> <span class='ocrx_word' id='word_1_41' title='bbox 1026 851 1161 916; x_wconf 82' lang='lat' dir='ltr'>valeant</span> <span class='ocrx_word' id='word_1_42' title='bbox 1176 849 1248 916; x_wconf 86' lang='lat' dir='ltr'>sine</span> 
     </span>
     <span class='ocr_line' id='line_1_6' title="bbox 115 953 1248 1042; baseline 0.004 -25"><span class='ocrx_word' id='word_1_43' title='bbox 115 953 226 1034; x_wconf 82' lang='lat' dir='ltr'>aliquo</span> <span class='ocrx_word' id='word_1_44' title='bbox 244 953 350 1039; x_wconf 86' lang='lat' dir='ltr'>dacio,</span> <span class='ocrx_word' id='word_1_45' title='bbox 368 955 452 1038; x_wconf 88' lang='lat' dir='ltr'>quod</span> <span class='ocrx_word' id='word_1_46' title='bbox 470 977 534 1022; x_wconf 91' lang='lat' dir='ltr'>non</span> <span class='ocrx_word' id='word_1_47' title='bbox 560 957 697 1023; x_wconf 83' lang='lat' dir='ltr'>tolletur</span> <span class='ocrx_word' id='word_1_48' title='bbox 722 957 839 1042; x_wconf 83' lang='lat' dir='ltr'>abeis,</span> <span class='ocrx_word' id='word_1_49' title='bbox 871 977 976 1040; x_wconf 85' lang='lat' dir='ltr'>neque</span> <span class='ocrx_word' id='word_1_50' title='bbox 992 957 1035 1024; x_wconf 83' lang='lat' dir='ltr'>ab</span> <span class='ocrx_word' id='word_1_51' title='bbox 1051 955 1117 1023; x_wconf 87' lang='lat' dir='ltr'>illis</span> <span class='ocrx_word' id='word_1_52' title='bbox 1134 955 1248 1022; x_wconf 81' lang='lat' dir='ltr'>deAn·</span> 
     </span>
     <span class='ocr_line' id='line_1_7' title="bbox 116 1061 1246 1150; baseline 0.005 -26"><span class='ocrx_word' id='word_1_53' title='bbox 116 1079 207 1146; x_wconf 83' lang='lat' dir='ltr'>cona,</span> <span class='ocrx_word' id='word_1_54' title='bbox 219 1062 277 1144; x_wconf 89' lang='lat' dir='ltr'>qui</span> <span class='ocrx_word' id='word_1_55' title='bbox 290 1069 432 1128; x_wconf 82' lang='lat' dir='ltr'>emerent</span> <span class='ocrx_word' id='word_1_56' title='bbox 446 1061 488 1130; x_wconf 81' lang='lat' dir='ltr'>ab</span> <span class='ocrx_word' id='word_1_57' title='bbox 505 1063 585 1148; x_wconf 89' lang='lat' dir='ltr'>ipsis</span> <span class='ocrx_word' id='word_1_58' title='bbox 602 1063 776 1147; x_wconf 79' lang='lat' dir='ltr'>Ragusinis</span> <span class='ocrx_word' id='word_1_59' title='bbox 793 1063 889 1130; x_wconf 90' lang='lat' dir='ltr'>modo</span> <span class='ocrx_word' id='word_1_60' title='bbox 906 1064 1019 1145; x_wconf 82' lang='lat' dir='ltr'>atiquo</span> <span class='ocrx_word' id='word_1_61' title='bbox 1036 1065 1088 1130; x_wconf 88' lang='lat' dir='ltr'>vel</span> <span class='ocrx_word' id='word_1_62' title='bbox 1100 1063 1246 1150; x_wconf 83' lang='lat' dir='ltr'>ingenio,</span> 
     </span>
     <span class='ocr_line' id='line_1_8' title="bbox 116 1170 1243 1256; baseline 0.004 -24"><span class='ocrx_word' id='word_1_63' title='bbox 116 1175 255 1251; x_wconf 82' lang='lat' dir='ltr'>excepto</span> <span class='ocrx_word' id='word_1_64' title='bbox 273 1170 377 1235; x_wconf 88' lang='lat' dir='ltr'>serico</span> <span class='ocrx_word' id='word_1_65' title='bbox 394 1176 510 1256; x_wconf 80' lang='lat' dir='ltr'>tracto,</span> <span class='ocrx_word' id='word_1_66' title='bbox 529 1179 561 1237; x_wconf 89' lang='lat' dir='ltr'>et</span> <span class='ocrx_word' id='word_1_67' title='bbox 577 1175 724 1256; x_wconf 85' lang='lat' dir='ltr'>exeeptis</span> <span class='ocrx_word' id='word_1_68' title='bbox 739 1172 913 1253; x_wconf 86' lang='lat' dir='ltr'>foniccllie,</span> <span class='ocrx_word' id='word_1_69' title='bbox 934 1171 974 1236; x_wconf 94' lang='lat' dir='ltr'>dc</span> <span class='ocrx_word' id='word_1_70' title='bbox 990 1191 1054 1253; x_wconf 90' lang='lat' dir='ltr'>quo</span> <span class='ocrx_word' id='word_1_71' title='bbox 1070 1178 1103 1238; x_wconf 89' lang='lat' dir='ltr'>ct</span> <span class='ocrx_word' id='word_1_72' title='bbox 1119 1171 1160 1238; x_wconf 90' lang='lat' dir='ltr'>dc</span> <span class='ocrx_word' id='word_1_73' title='bbox 1176 1172 1243 1254; x_wconf 89' lang='lat' dir='ltr'>qui·</span> 
     </span>
     <span class='ocr_line' id='line_1_9' title="bbox 118 1275 1246 1366; baseline 0.002 -26"><span class='ocrx_word' id='word_1_74' title='bbox 118 1277 185 1362; x_wconf 84' lang='lat' dir='ltr'>bus,</span> <span class='ocrx_word' id='word_1_75' title='bbox 198 1275 348 1359; x_wconf 82' lang='lat' dir='ltr'>quodve]</span> <span class='ocrx_word' id='word_1_76' title='bbox 357 1298 436 1361; x_wconf 88' lang='lat' dir='ltr'>quos</span> <span class='ocrx_word' id='word_1_77' title='bbox 446 1279 750 1366; x_wconf 83' lang='lat' dir='ltr'>predictiRegusini</span> <span class='ocrx_word' id='word_1_78' title='bbox 762 1279 926 1345; x_wconf 85' lang='lat' dir='ltr'>deferrent</span> <span class='ocrx_word' id='word_1_79' title='bbox 936 1297 994 1344; x_wconf 83' lang='lat' dir='ltr'>seu</span> <span class='ocrx_word' id='word_1_80' title='bbox 1004 1277 1122 1344; x_wconf 87' lang='lat' dir='ltr'>deferri</span> <span class='ocrx_word' id='word_1_81' title='bbox 1132 1285 1164 1346; x_wconf 89' lang='lat' dir='ltr'>et</span> <span class='ocrx_word' id='word_1_82' title='bbox 1174 1298 1246 1362; x_wconf 88' lang='lat' dir='ltr'>por-</span> 
     </span>
     <span class='ocr_line' id='line_1_10' title="bbox 116 1385 1244 1472; baseline 0.003 -25"><span class='ocrx_word' id='word_1_83' title='bbox 116 1386 180 1450; x_wconf 82' lang='lat' dir='ltr'>tari</span> <span class='ocrx_word' id='word_1_84' title='bbox 197 1385 347 1452; x_wconf 87' lang='lat' dir='ltr'>facerent</span> <span class='ocrx_word' id='word_1_85' title='bbox 365 1385 396 1449; x_wconf 89' lang='lat' dir='ltr'>in</span> <span class='ocrx_word' id='word_1_86' title='bbox 422 1387 590 1452; x_wconf 83' lang='lat' dir='ltr'>Anconam</span> <span class='ocrx_word' id='word_1_87' title='bbox 607 1389 660 1454; x_wconf 90' lang='lat' dir='ltr'>vel</span> <span class='ocrx_word' id='word_1_88' title='bbox 677 1387 747 1452; x_wconf 89' lang='lat' dir='ltr'>eius</span> <span class='ocrx_word' id='word_1_89' title='bbox 762 1393 902 1472; x_wconf 88' lang='lat' dir='ltr'>portum,</span> <span class='ocrx_word' id='word_1_90' title='bbox 918 1386 1049 1454; x_wconf 85' lang='lat' dir='ltr'>soluent</span> <span class='ocrx_word' id='word_1_91' title='bbox 1066 1393 1098 1451; x_wconf 86' lang='lat' dir='ltr'>et</span> <span class='ocrx_word' id='word_1_92' title='bbox 1118 1387 1244 1454; x_wconf 84' lang='lat' dir='ltr'>soluere</span> 
     </span>
     <span class='ocr_line' id='line_1_11' title="bbox 116 1491 1243 1580; baseline 0 -22"><span class='ocrx_word' id='word_1_93' title='bbox 116 1493 258 1559; x_wconf 86' lang='lat' dir='ltr'>debeant</span> <span class='ocrx_word' id='word_1_94' title='bbox 270 1491 437 1560; x_wconf 78' lang='lat' dir='ltr'>Communi</span> <span class='ocrx_word' id='word_1_95' title='bbox 447 1495 579 1563; x_wconf 88' lang='lat' dir='ltr'>Anconc</span> <span class='ocrx_word' id='word_1_96' title='bbox 589 1495 718 1562; x_wconf 85' lang='lat' dir='ltr'>deciam</span> <span class='ocrx_word' id='word_1_97' title='bbox 729 1503 760 1561; x_wconf 90' lang='lat' dir='ltr'>et</span> <span class='ocrx_word' id='word_1_98' title='bbox 773 1493 924 1580; x_wconf 83' lang='lat' dir='ltr'>duanam,</span> <span class='ocrx_word' id='word_1_99' title='bbox 935 1497 1019 1561; x_wconf 90' lang='lat' dir='ltr'>sicut</span> <span class='ocrx_word' id='word_1_100' title='bbox 1028 1493 1085 1561; x_wconf 85' lang='lat' dir='ltr'>elii</span> <span class='ocrx_word' id='word_1_101' title='bbox 1096 1493 1243 1560; x_wconf 75' lang='lat' dir='ltr'>forenses</span> 
     </span>
     <span class='ocr_line' id='line_1_12' title="bbox 118 1599 1244 1686; baseline -0.001 -17"><span class='ocrx_word' id='word_1_102' title='bbox 118 1600 263 1683; x_wconf 86' lang='lat' dir='ltr'>soluunt,</span> <span class='ocrx_word' id='word_1_103' title='bbox 281 1599 405 1666; x_wconf 90' lang='lat' dir='ltr'>scilicet</span> <span class='ocrx_word' id='word_1_104' title='bbox 420 1602 479 1666; x_wconf 91' lang='lat' dir='ltr'>XL</span> <span class='ocrx_word' id='word_1_105' title='bbox 495 1601 616 1668; x_wconf 90' lang='lat' dir='ltr'>solidos</span> <span class='ocrx_word' id='word_1_106' title='bbox 631 1601 854 1669; x_wconf 85' lang='lat' dir='ltr'>Anconitanos</span> <span class='ocrx_word' id='word_1_107' title='bbox 878 1622 936 1686; x_wconf 89' lang='lat' dir='ltr'>pro</span> <span class='ocrx_word' id='word_1_108' title='bbox 962 1600 1147 1668; x_wconf 78' lang='lat' dir='ltr'>centenario</span> <span class='ocrx_word' id='word_1_109' title='bbox 1172 1599 1244 1668; x_wconf 87' lang='lat' dir='ltr'>libr.</span> 
     </span>
     <span class='ocr_line' id='line_1_13' title="bbox 119 1706 1251 1796; baseline 0.001 -25"><span class='ocrx_word' id='word_1_110' title='bbox 119 1707 189 1773; x_wconf 88' lang='lat' dir='ltr'>den.</span> <span class='ocrx_word' id='word_1_111' title='bbox 209 1707 356 1774; x_wconf 83' lang='lat' dir='ltr'>Crencm</span> <span class='ocrx_word' id='word_1_112' title='bbox 374 1717 493 1796; x_wconf 82' lang='lat' dir='ltr'>autem,</span> <span class='ocrx_word' id='word_1_113' title='bbox 511 1729 573 1792; x_wconf 89' lang='lat' dir='ltr'>quo</span> <span class='ocrx_word' id='word_1_114' title='bbox 604 1711 705 1776; x_wconf 85' lang='lat' dir='ltr'>oritur</span> <span class='ocrx_word' id='word_1_115' title='bbox 729 1710 763 1774; x_wconf 93' lang='lat' dir='ltr'>in</span> <span class='ocrx_word' id='word_1_116' title='bbox 789 1709 970 1793; x_wconf 84' lang='lat' dir='ltr'>Scieuonia,</span> <span class='ocrx_word' id='word_1_117' title='bbox 996 1728 1094 1791; x_wconf 82' lang='lat' dir='ltr'>quern</span> <span class='ocrx_word' id='word_1_118' title='bbox 1110 1706 1251 1792; x_wconf 90' lang='lat' dir='ltr'>predicti</span> 
     </span>
     <span class='ocr_line' id='line_1_14' title="bbox 117 1813 1247 1902; baseline -0.003 -22"><span class='ocrx_word' id='word_1_119' title='bbox 117 1815 278 1898; x_wconf 85' lang='lat' dir='ltr'>Ragusini</span> <span class='ocrx_word' id='word_1_120' title='bbox 303 1815 450 1883; x_wconf 87' lang='lat' dir='ltr'>deferent</span> <span class='ocrx_word' id='word_1_121' title='bbox 466 1838 523 1884; x_wconf 89' lang='lat' dir='ltr'>seu</span> <span class='ocrx_word' id='word_1_122' title='bbox 540 1816 659 1884; x_wconf 88' lang='lat' dir='ltr'>deferri</span> <span class='ocrx_word' id='word_1_123' title='bbox 675 1815 794 1882; x_wconf 85' lang='lat' dir='ltr'>facient</span> <span class='ocrx_word' id='word_1_124' title='bbox 810 1818 843 1882; x_wconf 93' lang='lat' dir='ltr'>in</span> <span class='ocrx_word' id='word_1_125' title='bbox 859 1821 986 1902; x_wconf 86' lang='lat' dir='ltr'>portum</span> <span class='ocrx_word' id='word_1_126' title='bbox 1011 1816 1156 1892; x_wconf 83' lang='lat' dir='ltr'>Ancone,</span> <span class='ocrx_word' id='word_1_127' title='bbox 1181 1813 1247 1898; x_wconf 89' lang='lat' dir='ltr'>ipsi</span> 
     </span>
     <span class='ocr_line' id='line_1_15' title="bbox 117 1923 1242 2008; baseline 0.002 -20"><span class='ocrx_word' id='word_1_128' title='bbox 117 1944 177 1989; x_wconf 92' lang='lat' dir='ltr'>non</span> <span class='ocrx_word' id='word_1_129' title='bbox 194 1923 325 2008; x_wconf 77' lang='lat' dir='ltr'>possint</span> <span class='ocrx_word' id='word_1_130' title='bbox 341 1945 413 1988; x_wconf 83' lang='lat' dir='ltr'>carn</span> <span class='ocrx_word' id='word_1_131' title='bbox 429 1923 612 1991; x_wconf 84' lang='lat' dir='ltr'>discercare</span> <span class='ocrx_word' id='word_1_132' title='bbox 629 1924 662 1990; x_wconf 93' lang='lat' dir='ltr'>in</span> <span class='ocrx_word' id='word_1_133' title='bbox 680 1926 826 2008; x_wconf 81' lang='lat' dir='ltr'><strong>Ancona,</strong></span> <span class='ocrx_word' id='word_1_134' title='bbox 843 1923 945 1990; x_wconf 92' lang='lat' dir='ltr'>donee</span> <span class='ocrx_word' id='word_1_135' title='bbox 975 1945 1041 1990; x_wconf 96' lang='lat' dir='ltr'>non</span> <span class='ocrx_word' id='word_1_136' title='bbox 1068 1925 1242 1992; x_wconf 78' lang='lat' dir='ltr'>denuncia-</span> 
     </span>
     <span class='ocr_line' id='line_1_16' title="bbox 119 2015 1307 2115; baseline 0 -17"><span class='ocrx_word' id='word_1_137' title='bbox 119 2035 227 2098; x_wconf 85' lang='lat' dir='ltr'>ucrint</span> <span class='ocrx_word' id='word_1_138' title='bbox 244 2040 278 2100; x_wconf 91' lang='lat' dir='ltr'>et</span> <span class='ocrx_word' id='word_1_139' title='bbox 296 2032 588 2098; x_wconf 80' lang='lat' dir='ltr'>demonstreucrint</span> <span class='ocrx_word' id='word_1_140' title='bbox 614 2053 748 2115; x_wconf 67' lang='lat' dir='ltr'>giemum</span> <span class='ocrx_word' id='word_1_141' title='bbox 776 2033 943 2100; x_wconf 83' lang='lat' dir='ltr'>duanariis</span> <span class='ocrx_word' id='word_1_142' title='bbox 970 2034 1156 2100; x_wconf 85' lang='lat' dir='ltr'>Communis</span> <span class='ocrx_word' id='word_1_143' title='bbox 1180 2034 1243 2098; x_wconf 83' lang='lat' dir='ltr'>An·</span> <span class='ocrx_word' id='word_1_144' title='bbox 1302 2015 1307 2022; x_wconf 48' lang='lat'><strong><em>¹</em></strong></span> 
     </span>
     <span class='ocr_line' id='line_1_17' title="bbox 119 2137 1249 2227; baseline 0.001 -21"><span class='ocrx_word' id='word_1_145' title='bbox 119 2160 210 2227; x_wconf 83' lang='lat' dir='ltr'>cone,</span> <span class='ocrx_word' id='word_1_146' title='bbox 228 2139 283 2206; x_wconf 85' lang='lat' dir='ltr'>vel</span> <span class='ocrx_word' id='word_1_147' title='bbox 300 2138 503 2222; x_wconf 82' lang='lat' dir='ltr'>officialibus,</span> <span class='ocrx_word' id='word_1_148' title='bbox 521 2144 577 2220; x_wconf 86' lang='lat' dir='ltr'>qui</span> <span class='ocrx_word' id='word_1_149' title='bbox 594 2137 713 2204; x_wconf 89' lang='lat' dir='ltr'>fuerint</span> <span class='ocrx_word' id='word_1_150' title='bbox 729 2137 877 2223; x_wconf 86' lang='lat' dir='ltr'>deputati</span> <span class='ocrx_word' id='word_1_151' title='bbox 903 2159 961 2224; x_wconf 90' lang='lat' dir='ltr'>per</span> <span class='ocrx_word' id='word_1_152' title='bbox 987 2137 1162 2208; x_wconf 81' lang='lat' dir='ltr'>Commune</span> <span class='ocrx_word' id='word_1_153' title='bbox 1186 2141 1249 2207; x_wconf 86' lang='lat' dir='ltr'>An·</span> 
     </span>
     <span class='ocr_line' id='line_1_18' title="bbox 119 2246 1248 2334; baseline 0.004 -22"><span class='ocrx_word' id='word_1_154' title='bbox 119 2268 197 2313; x_wconf 91' lang='lat' dir='ltr'>cone</span> <span class='ocrx_word' id='word_1_155' title='bbox 215 2247 262 2313; x_wconf 86' lang='lat' dir='ltr'>ad</span> <span class='ocrx_word' id='word_1_156' title='bbox 280 2246 463 2328; x_wconf 88' lang='lat' dir='ltr'>videndum,</span> <span class='ocrx_word' id='word_1_157' title='bbox 482 2247 676 2313; x_wconf 88' lang='lat' dir='ltr'>cernendum</span> <span class='ocrx_word' id='word_1_158' title='bbox 700 2255 732 2312; x_wconf 90' lang='lat' dir='ltr'>ct</span> <span class='ocrx_word' id='word_1_159' title='bbox 757 2248 1016 2330; x_wconf 82' lang='lat' dir='ltr'>cognoscendum</span> <span class='ocrx_word' id='word_1_160' title='bbox 1043 2250 1148 2334; x_wconf 84' lang='lat' dir='ltr'>ipsam</span> <span class='ocrx_word' id='word_1_161' title='bbox 1173 2271 1248 2334; x_wconf 81' lang='lat' dir='ltr'>gra·</span> 
     </span>
     <span class='ocr_line' id='line_1_19' title="bbox 119 2354 1248 2442; baseline 0.004 -22"><span class='ocrx_word' id='word_1_162' title='bbox 119 2375 205 2434; x_wconf 84' lang='lat' dir='ltr'>narn,</span> <span class='ocrx_word' id='word_1_163' title='bbox 224 2363 330 2423; x_wconf 79' lang='lat' dir='ltr'>rtrum</span> <span class='ocrx_word' id='word_1_164' title='bbox 348 2357 391 2422; x_wconf 90' lang='lat' dir='ltr'>sit</span> <span class='ocrx_word' id='word_1_165' title='bbox 423 2357 473 2422; x_wconf 89' lang='lat' dir='ltr'>vel</span> <span class='ocrx_word' id='word_1_166' title='bbox 491 2364 577 2422; x_wconf 90' lang='lat' dir='ltr'>esset</span> <span class='ocrx_word' id='word_1_167' title='bbox 594 2354 634 2422; x_wconf 93' lang='lat' dir='ltr'>de</span> <span class='ocrx_word' id='word_1_168' title='bbox 651 2356 828 2422; x_wconf 84' lang='lat' dir='ltr'>Soieuonie</span> <span class='ocrx_word' id='word_1_169' title='bbox 854 2358 906 2422; x_wconf 86' lang='lat' dir='ltr'>vel</span> <span class='ocrx_word' id='word_1_170' title='bbox 934 2356 974 2421; x_wconf 88' lang='lat' dir='ltr'>de</span> <span class='ocrx_word' id='word_1_171' title='bbox 1003 2358 1182 2442; x_wconf 80' lang='lat' dir='ltr'>Romenie3</span> <span class='ocrx_word' id='word_1_172' title='bbox 1216 2365 1248 2424; x_wconf 89' lang='lat' dir='ltr'>et</span> 
     </span>
     <span class='ocr_line' id='line_1_20' title="bbox 120 2463 1246 2551; baseline 0.004 -23"><span class='ocrx_word' id='word_1_173' title='bbox 120 2464 146 2528; x_wconf 85' lang='lat' dir='ltr'>si</span> <span class='ocrx_word' id='word_1_174' title='bbox 163 2463 297 2546; x_wconf 85' lang='lat' dir='ltr'>quidem</span> <span class='ocrx_word' id='word_1_175' title='bbox 323 2465 398 2548; x_wconf 84' lang='lat' dir='ltr'>ipse</span> <span class='ocrx_word' id='word_1_176' title='bbox 422 2484 525 2546; x_wconf 79' lang='lat' dir='ltr'>grene</span> <span class='ocrx_word' id='word_1_177' title='bbox 550 2465 797 2550; x_wconf 86' lang='lat' dir='ltr'>reperiatur&#39;de</span> <span class='ocrx_word' id='word_1_178' title='bbox 822 2465 1003 2549; x_wconf 81' lang='lat' dir='ltr'>Scieuonia,</span> <span class='ocrx_word' id='word_1_179' title='bbox 1029 2466 1167 2551; x_wconf 88' lang='lat' dir='ltr'>predicti</span> <span class='ocrx_word' id='word_1_180' title='bbox 1184 2469 1246 2534; x_wconf 85' lang='lat' dir='ltr'>Re·</span> 
     </span>
     <span class='ocr_line' id='line_1_21' title="bbox 66 2572 1247 2659; baseline 0.002 -21"><span class='ocrx_word' id='word_1_181' title='bbox 66 2601 69 2604; x_wconf 96' lang='lat'>·</span> <span class='ocrx_word' id='word_1_182' title='bbox 120 2573 227 2655; x_wconf 81' lang='lat' dir='ltr'>gusini</span> <span class='ocrx_word' id='word_1_183' title='bbox 245 2573 311 2638; x_wconf 90' lang='lat' dir='ltr'>sint</span> <span class='ocrx_word' id='word_1_184' title='bbox 337 2572 377 2637; x_wconf 92' lang='lat' dir='ltr'>de</span> <span class='ocrx_word' id='word_1_185' title='bbox 404 2573 477 2657; x_wconf 87' lang='lat' dir='ltr'>ipsa</span> <span class='ocrx_word' id='word_1_186' title='bbox 503 2593 606 2655; x_wconf 80' lang='lat' dir='ltr'>grane</span> <span class='ocrx_word' id='word_1_187' title='bbox 630 2572 726 2638; x_wconf 86' lang='lat' dir='ltr'>liberi</span> <span class='ocrx_word' id='word_1_188' title='bbox 744 2581 776 2638; x_wconf 87' lang='lat' dir='ltr'>et</span> <span class='ocrx_word' id='word_1_189' title='bbox 802 2575 943 2641; x_wconf 83' lang='lat' dir='ltr'>absoluti</span> <span class='ocrx_word' id='word_1_190' title='bbox 967 2574 1038 2640; x_wconf 86' lang='lat' dir='ltr'>sine</span> <span class='ocrx_word' id='word_1_191' title='bbox 1064 2576 1174 2659; x_wconf 83' lang='lat' dir='ltr'>aliquo</span> <span class='ocrx_word' id='word_1_192' title='bbox 1191 2574 1247 2640; x_wconf 86' lang='lat' dir='ltr'>da·</span> 
     </span>
     <span class='ocr_line' id='line_1_22' title="bbox 121 2679 1247 2766; baseline 0.003 -21"><span class='ocrx_word' id='word_1_193' title='bbox 121 2680 182 2764; x_wconf 83' lang='lat' dir='ltr'>cio,</span> <span class='ocrx_word' id='word_1_194' title='bbox 198 2685 235 2746; x_wconf 90' lang='lat' dir='ltr'>vt</span> <span class='ocrx_word' id='word_1_195' title='bbox 267 2680 307 2744; x_wconf 89' lang='lat' dir='ltr'>dc</span> <span class='ocrx_word' id='word_1_196' title='bbox 340 2679 415 2763; x_wconf 87' lang='lat' dir='ltr'>alijs</span> <span class='ocrx_word' id='word_1_197' title='bbox 446 2682 542 2746; x_wconf 87' lang='lat' dir='ltr'>rebus</span> <span class='ocrx_word' id='word_1_198' title='bbox 560 2680 751 2765; x_wconf 83' lang='lat' dir='ltr'>Scianonie3</span> <span class='ocrx_word' id='word_1_199' title='bbox 785 2681 812 2746; x_wconf 85' lang='lat' dir='ltr'>si</span> <span class='ocrx_word' id='word_1_200' title='bbox 831 2700 907 2748; x_wconf 87' lang='lat' dir='ltr'>vero</span> <span class='ocrx_word' id='word_1_201' title='bbox 924 2681 998 2764; x_wconf 83' lang='lat' dir='ltr'>ipsa</span> <span class='ocrx_word' id='word_1_202' title='bbox 1022 2701 1126 2764; x_wconf 80' lang='lat' dir='ltr'>grona</span> <span class='ocrx_word' id='word_1_203' title='bbox 1158 2701 1247 2766; x_wconf 85' lang='lat' dir='ltr'>repe-</span> 
     </span>
     <span class='ocr_line' id='line_1_23' title="bbox 121 2787 1250 2873; baseline 0.003 -22"><span class='ocrx_word' id='word_1_204' title='bbox 121 2787 221 2854; x_wconf 84' lang='lat' dir='ltr'>riatur</span> <span class='ocrx_word' id='word_1_205' title='bbox 237 2788 279 2854; x_wconf 91' lang='lat' dir='ltr'>dc</span> <span class='ocrx_word' id='word_1_206' title='bbox 294 2789 464 2868; x_wconf 83' lang='lat' dir='ltr'>Romania,</span> <span class='ocrx_word' id='word_1_207' title='bbox 492 2789 619 2854; x_wconf 79' lang='lat' dir='ltr'>uoluunt</span> <span class='ocrx_word' id='word_1_208' title='bbox 636 2797 668 2854; x_wconf 86' lang='lat' dir='ltr'>ct</span> <span class='ocrx_word' id='word_1_209' title='bbox 683 2790 812 2855; x_wconf 87' lang='lat' dir='ltr'>soluere</span> <span class='ocrx_word' id='word_1_210' title='bbox 828 2789 967 2854; x_wconf 82' lang='lat' dir='ltr'>debcant</span> <span class='ocrx_word' id='word_1_211' title='bbox 984 2788 1025 2854; x_wconf 92' lang='lat' dir='ltr'>de</span> <span class='ocrx_word' id='word_1_212' title='bbox 1049 2789 1122 2872; x_wconf 79' lang='lat' dir='ltr'>ipse</span> <span class='ocrx_word' id='word_1_213' title='bbox 1146 2809 1250 2873; x_wconf 83' lang='lat' dir='ltr'>grana</span> 
     </span>
     <span class='ocr_line' id='line_1_24' title="bbox 121 2883 1249 2980; baseline 0.003 -21"><span class='ocrx_word' id='word_1_214' title='bbox 121 2896 264 2962; x_wconf 72' lang='lat' dir='ltr'>&lt;irionem</span> <span class='ocrx_word' id='word_1_215' title='bbox 296 2905 329 2962; x_wconf 91' lang='lat' dir='ltr'>et</span> <span class='ocrx_word' id='word_1_216' title='bbox 360 2883 487 2962; x_wconf 74' lang='lat' dir='ltr'>deciam</span> <span class='ocrx_word' id='word_1_217' title='bbox 505 2895 672 2963; x_wconf 78' lang='lat' dir='ltr'>Communi</span> <span class='ocrx_word' id='word_1_218' title='bbox 688 2899 820 2964; x_wconf 88' lang='lat' dir='ltr'>Ancone</span> <span class='ocrx_word' id='word_1_219' title='bbox 845 2898 930 2962; x_wconf 89' lang='lat' dir='ltr'>sieut</span> <span class='ocrx_word' id='word_1_220' title='bbox 945 2896 1000 2980; x_wconf 87' lang='lat' dir='ltr'>alij</span> <span class='ocrx_word' id='word_1_221' title='bbox 1018 2895 1162 2963; x_wconf 80' lang='lat' dir='ltr'>forenses</span> <span class='ocrx_word' id='word_1_222' title='bbox 1194 2898 1249 2980; x_wconf 87' lang='lat' dir='ltr'>qui</span> 
     </span>
     <span class='ocr_line' id='line_1_25' title="bbox 122 3003 1249 3088; baseline 0.001 -18"><span class='ocrx_word' id='word_1_223' title='bbox 122 3011 195 3070; x_wconf 86' lang='lat' dir='ltr'>sunt</span> <span class='ocrx_word' id='word_1_224' title='bbox 211 3003 416 3086; x_wconf 76' lang='lat' dir='ltr'>reddabiIcs,</span> <span class='ocrx_word' id='word_1_225' title='bbox 434 3005 556 3071; x_wconf 89' lang='lat' dir='ltr'>scilieet</span> <span class='ocrx_word' id='word_1_226' title='bbox 567 3005 624 3070; x_wconf 87' lang='lat' dir='ltr'>XL</span> <span class='ocrx_word' id='word_1_227' title='bbox 642 3004 763 3072; x_wconf 87' lang='lat' dir='ltr'>solidos</span> <span class='ocrx_word' id='word_1_228' title='bbox 779 3005 996 3070; x_wconf 82' lang='lat' dir='ltr'>Anconitenos</span> <span class='ocrx_word' id='word_1_229' title='bbox 1022 3023 1080 3088; x_wconf 93' lang='lat' dir='ltr'>pro</span> <span class='ocrx_word' id='word_1_230' title='bbox 1101 3011 1249 3072; x_wconf 85' lang='lat' dir='ltr'>centena·</span> 
     </span>
     <span class='ocr_line' id='line_1_26' title="bbox 121 3111 1245 3200; baseline 0.003 -24"><span class='ocrx_word' id='word_1_231' title='bbox 121 3111 167 3178; x_wconf 88' lang='lat' dir='ltr'>rio</span> <span class='ocrx_word' id='word_1_232' title='bbox 182 3113 258 3179; x_wconf 89' lang='lat' dir='ltr'><strong>libr.</strong></span> <span class='ocrx_word' id='word_1_233' title='bbox 276 3113 350 3179; x_wconf 90' lang='lat' dir='ltr'>den.</span> <span class='ocrx_word' id='word_1_234' title='bbox 368 3114 408 3178; x_wconf 80' lang='lat' dir='ltr'>Et</span> <span class='ocrx_word' id='word_1_235' title='bbox 425 3113 554 3198; x_wconf 86' lang='lat' dir='ltr'>quodsi</span> <span class='ocrx_word' id='word_1_236' title='bbox 572 3111 707 3200; x_wconf 88' lang='lat' dir='ltr'>predicti</span> <span class='ocrx_word' id='word_1_237' title='bbox 723 3113 880 3196; x_wconf 82' lang='lat' dir='ltr'>Ragusini</span> <span class='ocrx_word' id='word_1_238' title='bbox 898 3113 1003 3196; x_wconf 80' lang='lat' dir='ltr'>ipsam</span> <span class='ocrx_word' id='word_1_239' title='bbox 1020 3132 1156 3194; x_wconf 80' lang='lat' dir='ltr'>granam</span> <span class='ocrx_word' id='word_1_240' title='bbox 1181 3135 1245 3179; x_wconf 94' lang='lat' dir='ltr'>non</span> 
     </span>
     <span class='ocr_line' id='line_1_27' title="bbox 123 3220 1249 3306; baseline 0.001 -21"><span class='ocrx_word' id='word_1_241' title='bbox 123 3221 366 3306; x_wconf 84' lang='lat' dir='ltr'>assigneuerint</span> <span class='ocrx_word' id='word_1_242' title='bbox 382 3231 413 3288; x_wconf 92' lang='lat' dir='ltr'>et</span> <span class='ocrx_word' id='word_1_243' title='bbox 438 3221 741 3306; x_wconf 83' lang='lat' dir='ltr'>demonstraucrnrt,</span> <span class='ocrx_word' id='word_1_244' title='bbox 769 3228 803 3286; x_wconf 88' lang='lat' dir='ltr'>vt</span> <span class='ocrx_word' id='word_1_245' title='bbox 819 3220 941 3286; x_wconf 88' lang='lat' dir='ltr'>dictum</span> <span class='ocrx_word' id='word_1_246' title='bbox 967 3227 1026 3306; x_wconf 87' lang='lat' dir='ltr'>eet,</span> <span class='ocrx_word' id='word_1_247' title='bbox 1052 3221 1182 3286; x_wconf 83' lang='lat' dir='ltr'>soleant</span> <span class='ocrx_word' id='word_1_248' title='bbox 1216 3229 1249 3286; x_wconf 90' lang='lat' dir='ltr'>et</span> 
     </span>
     <span class='ocr_line' id='line_1_28' title="bbox 125 3327 1249 3420; baseline 0.002 -26"><span class='ocrx_word' id='word_1_249' title='bbox 125 3331 253 3398; x_wconf 82' lang='lat' dir='ltr'>soluere</span> <span class='ocrx_word' id='word_1_250' title='bbox 267 3336 440 3398; x_wconf 83' lang='lat' dir='ltr'>teneantur</span> <span class='ocrx_word' id='word_1_251' title='bbox 457 3331 498 3396; x_wconf 91' lang='lat' dir='ltr'>de</span> <span class='ocrx_word' id='word_1_252' title='bbox 514 3331 587 3418; x_wconf 85' lang='lat' dir='ltr'>ipsa</span> <span class='ocrx_word' id='word_1_253' title='bbox 600 3351 703 3412; x_wconf 80' lang='lat' dir='ltr'>grane</span> <span class='ocrx_word' id='word_1_254' title='bbox 719 3331 760 3420; x_wconf 85' lang='lat' dir='ltr'>dc</span> <span class='ocrx_word' id='word_1_255' title='bbox 776 3330 951 3396; x_wconf 83' lang='lat' dir='ltr'>Scieuonie</span> <span class='ocrx_word' id='word_1_256' title='bbox 967 3327 1097 3394; x_wconf 84' lang='lat' dir='ltr'>decium</span> <span class='ocrx_word' id='word_1_257' title='bbox 1115 3337 1146 3395; x_wconf 93' lang='lat' dir='ltr'>ct</span> <span class='ocrx_word' id='word_1_258' title='bbox 1170 3329 1249 3396; x_wconf 83' lang='lat' dir='ltr'>due-</span> 
     </span>
     <span class='ocr_line' id='line_1_29' title="bbox 124 3435 1325 3524; baseline 0 -22"><span class='ocrx_word' id='word_1_259' title='bbox 124 3459 196 3504; x_wconf 84' lang='lat' dir='ltr'>num</span> <span class='ocrx_word' id='word_1_260' title='bbox 215 3436 384 3504; x_wconf 83' lang='lat' dir='ltr'>Communi</span> <span class='ocrx_word' id='word_1_261' title='bbox 401 3438 534 3505; x_wconf 86' lang='lat' dir='ltr'>Ancone</span> <span class='ocrx_word' id='word_1_262' title='bbox 559 3439 693 3524; x_wconf 90' lang='lat' dir='ltr'>duplum</span> <span class='ocrx_word' id='word_1_263' title='bbox 718 3439 787 3504; x_wconf 88' lang='lat' dir='ltr'>eius</span> <span class='ocrx_word' id='word_1_264' title='bbox 807 3439 892 3520; x_wconf 87' lang='lat' dir='ltr'>quod</span> <span class='ocrx_word' id='word_1_265' title='bbox 918 3438 1042 3504; x_wconf 89' lang='lat' dir='ltr'>soluere</span> <span class='ocrx_word' id='word_1_266' title='bbox 1063 3438 1185 3504; x_wconf 87' lang='lat' dir='ltr'>debent</span> <span class='ocrx_word' id='word_1_267' title='bbox 1211 3435 1251 3502; x_wconf 87' lang='lat' dir='ltr'>de</span> <span class='ocrx_word' id='word_1_268' title='bbox 1318 3508 1325 3516; x_wconf 61' lang='grc'><strong><em>,</em></strong></span> 
     </span>
     <span class='ocr_line' id='line_1_30' title="bbox 125 3544 1251 3632; baseline 0 -22"><span class='ocrx_word' id='word_1_269' title='bbox 125 3567 229 3628; x_wconf 80' lang='lat' dir='ltr'>grana</span> <span class='ocrx_word' id='word_1_270' title='bbox 247 3544 287 3612; x_wconf 90' lang='lat' dir='ltr'>de</span> <span class='ocrx_word' id='word_1_271' title='bbox 302 3545 475 3632; x_wconf 77' lang='lat' dir='ltr'>Romania,</span> <span class='ocrx_word' id='word_1_272' title='bbox 492 3546 617 3612; x_wconf 79' lang='lat' dir='ltr'>scilicet</span> <span class='ocrx_word' id='word_1_273' title='bbox 632 3545 676 3610; x_wconf 90' lang='lat' dir='ltr'>IV</span> <span class='ocrx_word' id='word_1_274' title='bbox 703 3545 805 3612; x_wconf 86' lang='lat' dir='ltr'>libras</span> <span class='ocrx_word' id='word_1_275' title='bbox 826 3545 1044 3612; x_wconf 84' lang='lat' dir='ltr'>Anconitanes</span> <span class='ocrx_word' id='word_1_276' title='bbox 1062 3565 1120 3630; x_wconf 90' lang='lat' dir='ltr'>pro</span> <span class='ocrx_word' id='word_1_277' title='bbox 1147 3551 1251 3610; x_wconf 84' lang='lat' dir='ltr'>cenic-</span> 
     </span>
     <span class='ocr_line' id='line_1_31' title="bbox 125 3653 1247 3738; baseline 0 -20"><span class='ocrx_word' id='word_1_278' title='bbox 125 3655 215 3721; x_wconf 84' lang='lat' dir='ltr'>nario</span> <span class='ocrx_word' id='word_1_279' title='bbox 234 3655 304 3721; x_wconf 88' lang='lat' dir='ltr'><strong>libr.</strong></span> <span class='ocrx_word' id='word_1_280' title='bbox 322 3655 392 3722; x_wconf 88' lang='lat' dir='ltr'>den.</span> <span class='ocrx_word' id='word_1_281' title='bbox 408 3653 490 3719; x_wconf 85' lang='lat' dir='ltr'>Item</span> <span class='ocrx_word' id='word_1_282' title='bbox 507 3655 592 3737; x_wconf 90' lang='lat' dir='ltr'>quod</span> <span class='ocrx_word' id='word_1_283' title='bbox 608 3654 747 3738; x_wconf 82' lang='lat' dir='ltr'>predicti</span> <span class='ocrx_word' id='word_1_284' title='bbox 762 3653 922 3737; x_wconf 83' lang='lat' dir='ltr'>Regusini</span> <span class='ocrx_word' id='word_1_285' title='bbox 955 3653 1081 3736; x_wconf 87' lang='lat' dir='ltr'>possint</span> <span class='ocrx_word' id='word_1_286' title='bbox 1097 3659 1129 3719; x_wconf 88' lang='lat' dir='ltr'>et</span> <span class='ocrx_word' id='word_1_287' title='bbox 1161 3653 1247 3719; x_wconf 84' lang='lat' dir='ltr'>vale·</span> 
     </span>
     <span class='ocr_line' id='line_1_32' title="bbox 128 3761 1252 3846; baseline 0 -18"><span class='ocrx_word' id='word_1_288' title='bbox 128 3768 183 3828; x_wconf 86' lang='lat' dir='ltr'>aut</span> <span class='ocrx_word' id='word_1_289' title='bbox 199 3763 313 3828; x_wconf 83' lang='lat' dir='ltr'>venire</span> <span class='ocrx_word' id='word_1_290' title='bbox 330 3769 361 3828; x_wconf 94' lang='lat' dir='ltr'>et</span> <span class='ocrx_word' id='word_1_291' title='bbox 377 3769 464 3829; x_wconf 86' lang='lat' dir='ltr'>stare</span> <span class='ocrx_word' id='word_1_292' title='bbox 478 3763 512 3827; x_wconf 90' lang='lat' dir='ltr'>in</span> <span class='ocrx_word' id='word_1_293' title='bbox 529 3771 656 3846; x_wconf 89' lang='lat' dir='ltr'>portum</span> <span class='ocrx_word' id='word_1_294' title='bbox 685 3770 716 3828; x_wconf 91' lang='lat' dir='ltr'>et</span> <span class='ocrx_word' id='word_1_295' title='bbox 741 3763 774 3828; x_wconf 94' lang='lat' dir='ltr'>in</span> <span class='ocrx_word' id='word_1_296' title='bbox 801 3763 966 3829; x_wconf 83' lang='lat' dir='ltr'>ciuitatem</span> <span class='ocrx_word' id='word_1_297' title='bbox 992 3765 1125 3830; x_wconf 84' lang='lat' dir='ltr'>Ancone</span> <span class='ocrx_word' id='word_1_298' title='bbox 1149 3761 1252 3828; x_wconf 86' lang='lat' dir='ltr'>libere</span> 
     </span>
     <span class='ocr_line' id='line_1_33' title="bbox 128 3867 1250 3954; baseline 0 -20"><span class='ocrx_word' id='word_1_299' title='bbox 128 3875 158 3934; x_wconf 86' lang='lat' dir='ltr'>et</span> <span class='ocrx_word' id='word_1_300' title='bbox 172 3871 323 3938; x_wconf 83' lang='lat' dir='ltr'>absolute</span> <span class='ocrx_word' id='word_1_301' title='bbox 339 3891 410 3936; x_wconf 91' lang='lat' dir='ltr'>cnm</span> <span class='ocrx_word' id='word_1_302' title='bbox 428 3870 567 3953; x_wconf 86' lang='lat' dir='ltr'>singulis</span> <span class='ocrx_word' id='word_1_303' title='bbox 583 3870 797 3954; x_wconf 78' lang='lat' dir='ltr'>infrascriptis</span> <span class='ocrx_word' id='word_1_304' title='bbox 816 3871 912 3936; x_wconf 88' lang='lat' dir='ltr'>rebus</span> <span class='ocrx_word' id='word_1_305' title='bbox 939 3878 970 3936; x_wconf 89' lang='lat' dir='ltr'>et</span> <span class='ocrx_word' id='word_1_306' title='bbox 996 3867 1250 3936; x_wconf 75' lang='lat' dir='ltr'>mercationibus</span> 
     </span>
     <span class='ocr_line' id='line_1_34' title="bbox 128 3975 1249 4063; baseline -0.002 -21"><span class='ocrx_word' id='word_1_307' title='bbox 128 3979 293 4063; x_wconf 78' lang='lat' dir='ltr'>Romame,</span> <span class='ocrx_word' id='word_1_308' title='bbox 310 3979 434 4045; x_wconf 89' lang='lat' dir='ltr'>scilicet</span> <span class='ocrx_word' id='word_1_309' title='bbox 450 3977 624 4062; x_wconf 76' lang='lat' dir='ltr'>dommine,</span> <span class='ocrx_word' id='word_1_310' title='bbox 642 3977 736 4045; x_wconf 89' lang='lat' dir='ltr'>coriis</span> <span class='ocrx_word' id='word_1_311' title='bbox 763 3977 947 4044; x_wconf 84' lang='lat' dir='ltr'>domesticis</span> <span class='ocrx_word' id='word_1_312' title='bbox 975 3981 1007 4042; x_wconf 89' lang='lat' dir='ltr'>et</span> <span class='ocrx_word' id='word_1_313' title='bbox 1031 3975 1249 4055; x_wconf 85' lang='lat' dir='ltr'>siluestribus,</span> 
     </span>
     <span class='ocr_line' id='line_1_35' title="bbox 129 4081 1248 4172; baseline -0.004 -23"><span class='ocrx_word' id='word_1_314' title='bbox 129 4103 201 4152; x_wconf 86' lang='lat' dir='ltr'>cera</span> <span class='ocrx_word' id='word_1_315' title='bbox 218 4093 250 4152; x_wconf 86' lang='lat' dir='ltr'>et</span> <span class='ocrx_word' id='word_1_316' title='bbox 264 4085 439 4172; x_wconf 84' lang='lat' dir='ltr'>pillizariis</span> <span class='ocrx_word' id='word_1_317' title='bbox 455 4085 643 4152; x_wconf 86' lang='lat' dir='ltr'>domesticis</span> <span class='ocrx_word' id='word_1_318' title='bbox 661 4093 693 4150; x_wconf 90' lang='lat' dir='ltr'>ct</span> <span class='ocrx_word' id='word_1_319' title='bbox 717 4086 929 4162; x_wconf 88' lang='lat' dir='ltr'>siluestribus,</span> <span class='ocrx_word' id='word_1_320' title='bbox 954 4103 995 4149; x_wconf 82' lang='lat' dir='ltr'>ac</span> <span class='ocrx_word' id='word_1_321' title='bbox 1021 4083 1125 4149; x_wconf 84' lang='lat' dir='ltr'>eciam</span> <span class='ocrx_word' id='word_1_322' title='bbox 1151 4081 1248 4163; x_wconf 84' lang='lat' dir='ltr'>dege-</span> 
     </span>
     <span class='ocr_line' id='line_1_36' title="bbox 129 4190 1249 4280; baseline -0.006 -21"><span class='ocrx_word' id='word_1_323' title='bbox 129 4193 221 4278; x_wconf 90' lang='lat' dir='ltr'>mine,</span> <span class='ocrx_word' id='word_1_324' title='bbox 238 4202 271 4260; x_wconf 91' lang='lat' dir='ltr'>et</span> <span class='ocrx_word' id='word_1_325' title='bbox 287 4196 376 4280; x_wconf 87' lang='lat' dir='ltr'>ipsas</span> <span class='ocrx_word' id='word_1_326' title='bbox 395 4213 447 4260; x_wconf 89' lang='lat' dir='ltr'>res</span> <span class='ocrx_word' id='word_1_327' title='bbox 463 4194 604 4260; x_wconf 90' lang='lat' dir='ltr'>vcudcrc</span> <span class='ocrx_word' id='word_1_328' title='bbox 621 4192 805 4260; x_wconf 88' lang='lat' dir='ltr'>hominibus</span> <span class='ocrx_word' id='word_1_329' title='bbox 822 4190 862 4258; x_wconf 88' lang='lat' dir='ltr'>de</span> <span class='ocrx_word' id='word_1_330' title='bbox 886 4192 1040 4273; x_wconf 82' lang='lat' dir='ltr'>Ancona;</span> <span class='ocrx_word' id='word_1_331' title='bbox 1070 4194 1188 4270; x_wconf 84' lang='lat' dir='ltr'>temen,</span> <span class='ocrx_word' id='word_1_332' title='bbox 1215 4195 1249 4253; x_wconf 85' lang='lat' dir='ltr'>vt</span> 
     </span>
     <span class='ocr_line' id='line_1_37' title="bbox 131 4297 1250 4388; baseline -0.003 -23"><span class='ocrx_word' id='word_1_333' title='bbox 131 4299 324 4388; x_wconf 87' lang='lat' dir='ltr'>dictumest,</span> <span class='ocrx_word' id='word_1_334' title='bbox 341 4301 411 4368; x_wconf 89' lang='lat' dir='ltr'>sine</span> <span class='ocrx_word' id='word_1_335' title='bbox 427 4301 537 4385; x_wconf 83' lang='lat' dir='ltr'>aliquo</span> <span class='ocrx_word' id='word_1_336' title='bbox 553 4302 647 4368; x_wconf 87' lang='lat' dir='ltr'>decio</span> <span class='ocrx_word' id='word_1_337' title='bbox 664 4300 750 4383; x_wconf 88' lang='lat' dir='ltr'>qnod</span> <span class='ocrx_word' id='word_1_338' title='bbox 768 4321 832 4367; x_wconf 93' lang='lat' dir='ltr'>non</span> <span class='ocrx_word' id='word_1_339' title='bbox 848 4301 983 4366; x_wconf 87' lang='lat' dir='ltr'>tolletur</span> <span class='ocrx_word' id='word_1_340' title='bbox 999 4298 1041 4364; x_wconf 83' lang='lat' dir='ltr'>ab</span> <span class='ocrx_word' id='word_1_341' title='bbox 1068 4297 1125 4382; x_wconf 89' lang='lat' dir='ltr'>cis,</span> <span class='ocrx_word' id='word_1_342' title='bbox 1143 4315 1250 4379; x_wconf 85' lang='lat' dir='ltr'>neque</span> 
     </span>
     <span class='ocr_line' id='line_1_38' title="bbox 130 4403 1250 4496; baseline -0.003 -24"><span class='ocrx_word' id='word_1_343' title='bbox 130 4409 169 4473; x_wconf 83' lang='lat' dir='ltr'>ab</span> <span class='ocrx_word' id='word_1_344' title='bbox 185 4411 268 4494; x_wconf 88' lang='lat' dir='ltr'>ipsis</span> <span class='ocrx_word' id='word_1_345' title='bbox 284 4410 324 4477; x_wconf 91' lang='lat' dir='ltr'>de</span> <span class='ocrx_word' id='word_1_346' title='bbox 340 4411 484 4496; x_wconf 84' lang='lat' dir='ltr'>Ancona,</span> <span class='ocrx_word' id='word_1_347' title='bbox 501 4411 555 4495; x_wconf 91' lang='lat' dir='ltr'>qui</span> <span class='ocrx_word' id='word_1_348' title='bbox 571 4417 714 4478; x_wconf 87' lang='lat' dir='ltr'>emerent</span> <span class='ocrx_word' id='word_1_349' title='bbox 729 4431 750 4475; x_wconf 83' lang='lat' dir='ltr'>a</span> <span class='ocrx_word' id='word_1_350' title='bbox 766 4409 861 4475; x_wconf 90' lang='lat' dir='ltr'>dictis</span> <span class='ocrx_word' id='word_1_351' title='bbox 886 4405 1071 4488; x_wconf 79' lang='lat' dir='ltr'>Ragusinis.</span> <span class='ocrx_word' id='word_1_352' title='bbox 1100 4403 1194 4484; x_wconf 83' lang='lat' dir='ltr'>Quod</span> <span class='ocrx_word' id='word_1_353' title='bbox 1221 4405 1250 4470; x_wconf 90' lang='lat' dir='ltr'>si</span> 
     </span>
     <span class='ocr_line' id='line_1_39' title="bbox 131 4513 1252 4604; baseline -0.004 -23"><span class='ocrx_word' id='word_1_354' title='bbox 131 4517 297 4602; x_wconf 84' lang='lat' dir='ltr'>accideret,</span> <span class='ocrx_word' id='word_1_355' title='bbox 313 4517 399 4600; x_wconf 89' lang='lat' dir='ltr'>quod</span> <span class='ocrx_word' id='word_1_356' title='bbox 414 4518 571 4604; x_wconf 81' lang='lat' dir='ltr'>Ragusini</span> <span class='ocrx_word' id='word_1_357' title='bbox 597 4519 721 4584; x_wconf 90' lang='lat' dir='ltr'>nollent</span> <span class='ocrx_word' id='word_1_358' title='bbox 746 4514 887 4583; x_wconf 89' lang='lat' dir='ltr'>vendere</span> <span class='ocrx_word' id='word_1_359' title='bbox 911 4534 962 4578; x_wconf 87' lang='lat' dir='ltr'>res</span> <span class='ocrx_word' id='word_1_360' title='bbox 978 4513 1192 4599; x_wconf 82' lang='lat' dir='ltr'>supradictas,</span> <span class='ocrx_word' id='word_1_361' title='bbox 1220 4525 1252 4579; x_wconf 86' lang='lat' dir='ltr'>et</span> 
     </span>
     <span class='ocr_line' id='line_1_40' title="bbox 130 4624 1252 4712; baseline -0.004 -22"><span class='ocrx_word' id='word_1_362' title='bbox 130 4627 247 4692; x_wconf 84' lang='lat' dir='ltr'>veilent</span> <span class='ocrx_word' id='word_1_363' title='bbox 262 4624 356 4712; x_wconf 81' lang='lat' dir='ltr'>ipses</span> <span class='ocrx_word' id='word_1_364' title='bbox 372 4627 542 4694; x_wconf 83' lang='lat' dir='ltr'>extrahere</span> <span class='ocrx_word' id='word_1_365' title='bbox 559 4625 599 4692; x_wconf 89' lang='lat' dir='ltr'>de</span> <span class='ocrx_word' id='word_1_366' title='bbox 615 4624 762 4711; x_wconf 83' lang='lat' dir='ltr'>Ancona,</span> <span class='ocrx_word' id='word_1_367' title='bbox 788 4631 855 4690; x_wconf 82' lang='lat' dir='ltr'>tam</span> <span class='ocrx_word' id='word_1_368' title='bbox 882 4641 939 4708; x_wconf 86' lang='lat' dir='ltr'>per</span> <span class='ocrx_word' id='word_1_369' title='bbox 953 4640 1042 4689; x_wconf 84' lang='lat' dir='ltr'>mare</span> <span class='ocrx_word' id='word_1_370' title='bbox 1068 4640 1165 4706; x_wconf 86' lang='lat' dir='ltr'>quem</span> <span class='ocrx_word' id='word_1_371' title='bbox 1195 4639 1252 4704; x_wconf 86' lang='lat' dir='ltr'>per</span> 
     </span>
    </p>
   </div>
   <div class='ocr_carea' id='block_1_3' title="bbox 0 0 1585 5192">
    <p class='ocr_par' dir='ltr' id='par_1_3' title="bbox 0 0 1585 5192">
     <span class='ocr_line' id='line_1_41' title="bbox 0 0 1585 5192; baseline 0 0"><span class='ocrx_word' id='word_1_372' title='bbox 0 0 1585 5192; x_wconf 95' lang='lat' dir='ltr'> </span> 
     </span>
    </p>
   </div>
  </div>
 </body>
</html>
