3234 5194
705 447 725 511 5

252 635 463 721 (watizlaus
478 640 518 702 D.
537 660 585 722 gr.
604 639 769 723 Hungarie
786 643 851 708 slb.
871 644 940 708 Rex
973 645 1033 710 stb.
1063 645 1277 732 (kltvetkezilr

139 741 200 806 IV.
227 744 414 811 Lasnltnak
444 747 578 814 lano-ki
604 746 875 832 adominylevele
900 749 979 814 mint
994 754 1275 838 gyltjtemenytlnlu

140 851 205 916 IX.
224 853 341 935 vagyis
360 874 380 917 a
397 851 548 918 misodik
565 851 689 939 folyam
705 854 760 918 IV.
778 853 953 922 kitteteben
971 857 1046 924 276.
1064 856 1100 944 l.)

254 961 323 1028 Nos
332 961 445 1044 itaque
455 960 559 1045 ipsius
570 957 704 1027 Comitis
714 959 893 1046 Myehuelis
902 960 997 1028 iustis
1008 963 1221 1048 peticionibus
1233 967 1276 1032 in-

140 1069 268 1154 clinati,
279 1069 356 1152 quia
365 1067 507 1136 uidimus
516 1067 605 1153 ipsas
622 1074 724 1134 terras
741 1069 858 1135 Oomiti
870 1069 1008 1136 Nicolao
1022 1071 1114 1137 fratri
1131 1061 1286 1142 eiusdem'

140 1199 206 1263 pro
223 1185 324 1244 morte
338 1175 525 1243 Sebastiani
540 1175 651 1244 fratris
666 1177 718 1243 sui
731 1179 791 1244 sub
807 1185 912 1244 castro
929 1178 1095 1248 lauriensi
1124 1180 1274 1250 interem-

140 1285 205 1371 pti,
223 1291 254 1352 et
279 1285 469 1354 uulneribus
486 1283 591 1366 ipsius
616 1281 750 1351 Comitis
775 1285 902 1352 Nieolai
926 1305 1000 1354 essa
1026 1287 1183 1375 collatus3
1200 1291 1278 1372 qnia

137 1396 251 1463 eniam
266 1392 468 1484 inspeximus
484 1394 592 1476 ipsum
608 1391 815 1478 priuilegium
833 1413 898 1460 non
926 1395 1093 1482 abrasum,
1110 1417 1175 1462 non
1200 1417 1275 1464 aan-

139 1504 308 1588 cellatum,
325 1521 387 1570 nee
402 1503 436 1568 in
452 1501 565 1586 aliqua
590 1503 640 1567 sui
657 1507 749 1587 parte
774 1501 938 1588 uiciniam,
965 1509 1106 1571 tenorem
1132 1503 1275 1572 eiusdem

138 1611 187 1679 de
203 1611 303 1677 uerbo
320 1607 364 1676 ad
381 1612 516 1676 uerbum
532 1610 737 1695 presentibus
761 1609 863 1677 inseri
888 1608 1055 1696 lenientes,
1082 1612 1276 1679 auctoritate
1392 1661 1395 1666 ,

138 1718 349 1805 presentium
366 1719 602 1804 nonlirmamus,
620 1717 840 1802 relinquentes
857 1717 948 1804 ipsas
959 1724 1047 1786 teras
1058 1717 1145 1786 dieto
1158 1717 1275 1786 comiti

9 1839 22 1850 ‘
138 1825 308 1912 Myehaeli
324 1831 357 1892 et
372 1824 450 1912 filljs
466 1825 594 1892 Niaolai
611 1825 747 1910 panitiae
763 1824 992 1910 possidendas,
1013 1825 1155 1913 duplicis
1170 1826 1273 1910 sigilli

141 1933 252 2001 nostri
268 1932 444 2000 munimine
462 1931 657 1998 roborando.
688 1933 809 1998 Datum
840 1953 898 2018 per
929 1951 1045 2000 manus
1077 1931 1275 2000 venerabilis

141 2043 210 2110 viri
226 2041 373 2126 Magistri
390 2039 539 2125 Gregorij
565 2038 721 2108 Alliensis
752 2043 899 2109 Enulesie
915 2041 1031 2130 Elenti,
1062 2037 1137 2109 aule
1167 2047 1276 2109 nostre

140 2147 441 2231 vicecancellarii
459 2145 567 2216 dilecti
584 2154 616 2216 et
632 2149 737 2217 fidelis
764 2151 874 2237 nostri,
892 2169 978 2216 anno
995 2149 1129 2216 Domini
1153 2147 1274 2238 llrccl

139 2258 367 2346 nonagesimo,
387 2264 480 2327 sexto
506 2257 667 2326 kalendae
693 2258 882 2326 Decembris
907 2259 1012 2344 Regni
1037 2265 1146 2328 autem
1172 2256 1273 2326 nostri

139 2388 231 2435 anno
248 2374 374 2434 octauo.

140 2561 606 2632 (Eredntiebiirhirtyeimal'iiggii
629 2562 723 2631 penset
749 2561 805 2615 mir
832 2564 968 2632 lelrullott,
994 2581 1012 2616 a
1037 2581 1122 2617 nernu.
1150 2581 1274 2617 nruneum

589 2653 829 2721 kiziruttiralban.)

698 3480 729 3546 4.

140 3681 207 3750 ΙΙΙ.
220 3683 336 3750 Endre
346 3683 457 3765 kirtly
469 3681 626 3746 rendelete
637 3681 734 3744 Bada
746 3685 841 3745 neiron
851 3677 1137 3764 klizse'qthea‚lt09y
1147 3701 1168 3740 u
1179 3679 1272 3742 adeat

138 3795 172 3858 ἑο
187 3792 291 3857 trudat
307 3790 521 3874 kdptalnnok,
537 3813 552 3853 s
568 3812 590 3851 a
606 3789 797 3874 aynlnat'qetu'
814 3785 1113 3872 updezazdrddnuk
1129 3809 1150 3848 u
1169 3783 1272 3848 baccini

139 3899 324 3966 -vctsdrotra
341 3899 514 3963 vonutkoao'
521 3891 1157 3982 joqoaitndnyaifogunntonittussnnnk.
1176 3891 1272 3954 1290.

251 4077 291 4141 A.
307 4074 369 4142 Dei
402 4073 514 4158 grania
529 4073 598 4140 Rex
615 4069 781 4155 Hungarie
797 4071 947 4137 fidelibus
963 4067 1033 4136 suis
1048 4066 1209 4134 uniuersis
1227 4066 1271 4130 ci·

142 4186 238 4252 uibus
263 4183 305 4250 de
332 4183 449 4248 Castro
474 4180 618 4248 Budensi
643 4186 674 4246 et
699 4179 740 4246 de
765 4179 866 4247 Pestlr
892 4177 1030 4244 salutem
1056 4181 1089 4241 et
1116 4173 1270 4257 grauium.

141 4293 223 4359 (lum
240 4311 302 4358 nos
318 4291 472 4357 tributum
505 4289 649 4375 Capituli
666 4287 826 4356 Budensis
851 4293 883 4352 et
909 4281 1102 4371 wastensis,
1128 4301 1166 4347 aa
1182 4299 1271 4348 soro·

141 4422 212 4467 rum
224 4399 271 4466 'de
287 4401 398 4466 Insula
430 4397 574 4482 Virginis
591 4396 748 4480 Gloriosa,
775 4394 862 4479 quod
879 4402 1026 4478 tempore
1051 4385 1270 4455 nundinarum

141 4510 230 4576 eirea
244 4507 365 4576 festum
381 4505 572 4574 Natiuitatis
589 4505 730 4589 Virginis
756 4503 905 4572 Gloriosa
931 4495 1205 4583 eelebrendarum,
1231 4494 1272 4560 ni-

144 4637 202 4684 nes
218 4615 386 4681 Budenses
419 4635 484 4680 non
516 4613 718 4696 dinanerant,
736 4617 835 4680 nanta
851 4609 991 4694 quadam
1008 4606 1178 4698 oneaslone
1191 4605 1271 4672 rela-

141 4725 223 4806 xari,
241 4722 365 4791 eisdem
382 4721 540 4808 Capitulis
566 4729 598 4789 et
615 4719 779 4788 sororibus
807 4717 993 4786 duxerimus
1017 4711 1270 4797 restituendum
