3124 5194
880 273 1042 374 —a-on—

396 471 473 540 eber
495 467 661 540 antediete
685 469 721 535 in
745 467 908 538 Comitem
932 467 1166 557 vesprimiensi
1190 467 1375 556 existentis,
1405 469 1444 535 in
1470 487 1532 552 quo

397 578 523 646 scilieet
538 575 738 646 lionasterio
752 573 904 662 religiose
921 574 1054 644 domine
1068 575 1246 643 Abbatissa
1261 583 1294 642 et
1308 573 1477 644 moniales
1486 575 1531 643 in·

395 683 480 771 giter
495 687 568 752 Deo
583 683 781 752 famulantes
797 689 1044 770 commorantur,
1061 683 1269 771 presentibus
1278 682 1467 751 venerabili
1478 702 1531 769 pa·

395 801 445 862 ue
459 792 652 861 lodomerio
668 790 923 878 Arohiepisoopo
948 791 1162 876 Strigoniensi
1186 798 1221 858 et
1244 789 1321 876 aliJ's
1346 790 1532 860 Beronibus

396 907 430 970 et
443 899 606 968 nobilibus
620 899 727 985 Regni
741 899 846 966 nostri
862 899 964 985 peoijt
978 899 1043 968 sibi
1060 898 1142 967 duri.
1159 897 1228 967 lios
1244 898 1346 984 igitur
1373 898 1530 968 deuotam

395 1007 492 1077 fldem
508 1019 541 1076 et
555 1009 717 1076 sincerem
732 1005 955 1096 denooionem,
971 1006 1098 1076 corone
1112 1006 1213 1091 Regio
1228 1014 1262 1074 et
1285 1007 1383 1076 nobis
1407 1008 1446 1074 in
1470 1005 1530 1073 ier·

397 1137 475 1186 nore
488 1115 656 1185 fidelitatis
670 1134 734 1201 por
748 1115 856 1202 ipsum
872 1113 1029 1182 Comitem
1055 1115 1230 1182 Martinum
1255 1134 1383 1201 semper
1407 1115 1529 1201 impen

395 1245 467 1292 sam
483 1230 516 1292 et
530 1223 651 1309 iugiter
675 1223 856 1290 exhibitam
880 1223 1096 1312 obtendentes,
1127 1242 1200 1290 oum
1226 1225 1378 1292 omnibns
1401 1223 1529 1292 iuribus

396 1331 500 1418 ipsius
515 1330 722 1414 Patronatos,
739 1337 834 1417 prout
859 1329 949 1417 apud
974 1330 1182 1400 Maiestatem
1210 1339 1353 1398 nostram
1377 1331 1529 1416 Regiam,

395 1445 429 1505 et
442 1437 707 1524 predecessorum
732 1444 911 1504 nostrornm
937 1435 1115 1505 Illustrinm
1139 1439 1265 1524 Regum
1287 1439 1462 1524 Hungarle
1486 1436 1526 1505 di·

394 1545 536 1615 noscitur
552 1545 653 1615 luisse
667 1551 711 1615 ab
726 1545 874 1634 antiquo,
890 1544 1040 1616 dedimus
1056 1555 1090 1614 et
1116 1547 1314 1617 tradidimus
1339 1549 1450 1618 eidem
1472 1546 1527 1614 Co

384 1654 465 1721 'miti
479 1653 619 1722 llartino
635 1661 671 1719 ut
686 1673 763 1723 uero
779 1660 812 1720 et
826 1653 971 1738 legitimo
989 1660 1138 1742 patrono,
1155 1663 1189 1724 et
1204 1675 1264 1742 per
1279 1677 1353 1724 eum
1378 1656 1451 1724 suis
1476 1653 1527 1722 lue·

393 1757 533 1844 reditus,
564 1759 784 1844 heredumque
812 1780 945 1830 suorum
979 1763 1239 1850 snooossoribus‚
1266 1761 1525 1848 deffendendum,

395 1868 629 1954 protegendum
645 1876 678 1936 et
693 1869 820 1956 pariter
835 1870 1112 1956 conseruandnm3
1139 1892 1236 1939 omne
1261 1879 1294 1940 et
1318 1872 1454 1960 plenum
1472 1873 1527 1956 jm

395 1973 592 2044 Patronatus
609 1977 713 2063 ipsius
728 1977 932 2064 nonasterii,
949 1978 1035 2046 siout
1061 1978 1150 2066 apud
1175 1999 1235 2046 nos
1262 1986 1294 2048 et
1319 1978 1524 2063 predecesso·

395 2104 448 2152 res
463 2090 590 2152 nostros
606 2083 675 2163 tuit,
691 2085 726 2152 in
741 2086 881 2152 eundem
897 2085 1055 2152 Comitem
1080 2085 1257 2152 Martinam
1282 2093 1317 2153 et
1337 2106 1417 2154 snos
1440 2085 1523 2152 bere·

394 2189 463 2280 des,
480 2191 668 2262 attendente
683 2201 718 2262 et
731 2193 968 2262 interueniente
983 2193 1129 2262 eiusdem
1144 2194 1343 2262 venerabilis
1360 2195 1460 2280 patria
1469 2195 1519 2262 do
1534 2227 1538 2236 ·

394 2299 473 2367 mini
502 2298 684 2386 Lodomen'j
709 2300 958 2390 Arubiepiseopi
982 2301 1216 2388 Strigoniensis
1241 2323 1412 2392 oonsensu,
1438 2303 1521 2370 onius

393 2409 529 2476 interest
544 2409 741 2478 blonssteria
756 2417 790 2476 et
804 2411 971 2482 Euolesies
987 2410 1130 2495 Regulos
1145 2409 1179 2476 in
1195 2411 1266 2476 anis
1293 2411 1514 2498 eleooionibna,

393 2534 452 2583 seu
468 2514 501 2582 in
518 2517 736 2584 translaoione
752 2514 888 2604 dominij
905 2515 1090 2586 huiusmodi
1102 2517 1187 2601 juris
1201 2518 1402 2586 Patronatus
1417 2525 1518 2585 aneto

394 2623 491 2690 ritate
523 2623 761 2711 metropolitica
791 2623 990 2710 oonlirmare,
1015 2645 1107 2712 pure,
1132 2623 1239 2692 solide
1263 2633 1297 2692 et
1322 2626 1518 2713 solempniter

393 2725 640 2800 transferentes.
657 2732 696 2798 ln
711 2730 804 2800 onius
829 2732 877 2800 rei
902 2733 1088 2802 memoriam
1113 2739 1373 2820 perpetuamque
1397 2734 1517 2802 firmite

392 2846 458 2906 tem
474 2845 640 2924 presentes
666 2840 885 2910 concessimus
910 2839 1072 2926 dupplioia
1097 2839 1199 2923 otgilli
1223 2841 1328 2906 nostri
1354 2842 1516 2908 munimine

393 2946 569 3014 roboratas.
585 2947 705 3015 Datum
721 2965 781 3034 per
796 2967 913 3016 manus
929 2945 1127 3016 venerabilis
1142 2947 1204 3013 viri
1219 2947 1369 3031 Magistri
1380 2947 1514 3034 Gregorij

392 3051 496 3120 Eleoti
513 3053 548 3120 in
563 3053 714 3124 Albensis
730 3055 877 3125 Eoolesie
892 3061 1003 3124 nostre
1017 3053 1220 3141 Prepositum
1230 3055 1305 3122 anie
1315 3056 1514 3123 nostreVioe

393 3159 587 3248 Oanoellarij
605 3161 716 3230 dileoti
732 3170 765 3230 et
780 3162 886 3230 tidelis
902 3163 1003 3232 nostri
1030 3179 1115 3230 anno
1130 3162 1263 3229 Domini
1279 3161 1401 3230 Moe·
1424 3184 1513 3230 nona·

397 3267 521 3352 gesimo
537 3269 685 3355 septimo,
703 3269 807 3355 Regni
823 3277 931 3338 antem
946 3268 1049 3338 nostri
1064 3289 1152 3337 anno
1168 3269 1318 3355 septimo.

392 3465 534 3536 (ilrsdetis
546 3462 711 3532 blirblrtydn
724 3464 773 3519 lsdt
784 3463 967 3535 peldlnybsn,
978 3483 997 3520 6
1008 3463 1167 3535 adid-sarge
1179 3464 1209 3518 bs
1231 3468 1389 3521 veros-sold
1414 3468 1514 3532 6611666-

394 3551 525 3606 66166666
538 3552 648 3622 loggott
660 3554 789 3624 psesdtslr
802 3557 960 3620 elvesntek3
973 3571 991 3607 6
1002 3553 1106 3614 somilo.
1120 3557 1165 3623 hp.
1178 3554 1349 3624 anterhtsy
1371 3556 1458 3610 esalld
1480 3557 1513 3608 le·

854 3642 1065 3713 restitissem.)
