3124 5194
537 378 696 475 Αρχ-

148 564 225 632 Nos
243 565 394 636 Andreas
409 569 472 636 Dei
487 570 600 655 gracia
616 571 686 637 Rex
702 570 854 655 Vngarie
870 574 932 640 stb.
959 571 1174 662 (kbretkeails

44 670 101 738 lll.
117 672 235 740 Endre
253 673 431 762 kirtlynsk
449 677 585 747 mot-ki
601 679 779 768 okmbnya,
789 681 870 748 mint
879 679 1012 750 fentobb
1023 687 1076 755 55.
1089 693 1177 758 subm

44 780 132 846 alm·
145 870 221 938 Nos
241 871 325 939 enirn
341 873 465 941 nemini
478 874 513 940 in
534 896 592 943 suo
608 873 679 942 iure
694 875 809 945 deesse
826 879 985 968 uolentes,
1002 881 1080 964 qnia
1106 903 1179 967 pre·

43 974 144 1043 dietus
162 975 290 1046 Comes
320 981 460 1048 Jaeobus
491 983 525 1048 in
555 983 701 1052 terminis
728 985 837 1070 sepius
853 987 1030 1073 assumptis
1057 988 1177 1057 instru-

42 1090 148 1150 menta
164 1103 232 1152 sua
249 1107 314 1153 non
330 1087 487 1176 exhibuit,
503 1096 539 1155 ut
569 1089 729 1173 debebam
755 1092 899 1158 maxime
914 1093 992 1177 quia
1008 1094 1052 1162 ad
1068 1095 1177 1162 termi-

40 1193 280 1282 nundinalem,
296 1196 330 1262 in
347 1216 410 1280 qno
426 1197 549 1264 decisio
572 1197 668 1265 huius
685 1199 813 1283 nrgoeij
830 1199 902 1266 fieri
918 1199 1040 1283 debuit,
1059 1202 1102 1270 ad
1117 1224 1175 1272 no-

40 1306 137 1366 stram
152 1303 374 1392 presenciam,
392 1313 427 1372 nt
443 1307 637 1390 premissum
653 1314 715 1395 est,
732 1328 796 1376 non
812 1307 914 1396 uenit,
939 1327 1048 1392 neque
1073 1308 1172 1398 misit,

40 1407 148 1492 posius
165 1410 247 1479 iura
263 1419 295 1480 et
308 1413 400 1498 leges
414 1413 544 1499 penitus
561 1415 843 1502 eontempnendo;
860 1437 925 1484 vna
941 1434 1013 1482 oum
1039 1415 1173 1484 Baroni·

42 1517 97 1582 bus
113 1525 145 1583 et
160 1519 339 1586 Nobilibus
354 1521 461 1604 Regni
477 1541 576 1606 quam
592 1522 743 1608 pluribus
760 1523 931 1591 nobiseum
946 1523 981 1589 in
991 1523 1175 1592 iudieioas-

41 1621 234 1714 sidentibus,
252 1627 332 1694 risis
348 1635 380 1692 et
396 1629 546 1713 perlectis
563 1629 684 1697 eisdem
700 1632 890 1716 petentibus
906 1631 1022 1697 littoris
1048 1630 1172 1700 domini

38 1729 144 1820 Regis,
159 1733 277 1820 ipsum
291 1735 450 1802 Comitem
466 1739 623 1804 Jaoobum
641 1744 753 1804 eontra
768 1737 901 1806 easdem
918 1738 1068 1804 dominas
1084 1758 1172 1806 soro·

40 1855 89 1905 res
104 1839 138 1904 in
157 1839 252 1909 laeto
269 1841 411 1928 prodiete
426 1843 642 1928 possessionis
667 1844 826 1930 Voynlow
850 1844 1092 1912 senteneialiter
1117 1845 1172 1912 de·
1243 1909 1245 1913 ,

41 1947 199 2016 erenimus
224 1949 296 2018 fore
321 1931 526 2036 oonuiotum;
553 1958 587 2017 ot
613 1951 751 2019 eandem
778 1953 1020 2038 possessionem
1046 1951 1170 2019 eisdem

42 2049 233 2124 dominabus
249 2059 418 2126 sororibus
433 2077 491 2126 seu
507 2061 705 2126 Monusterio
721 2059 862 2144 Virginis
879 2057 1027 2126 Glorioso
1052 2059 1094 2127 de
1117 2060 1170 2126 In·

41 2163 108 2228 sula
123 2166 321 2250 reliquimus
337 2174 370 2232 et
394 2168 582 2233 statuimus¹
595 2173 751 2251 perpetuo
776 2165 913 2252 paeifiee
939 2165 1111 2232 tenendum
1137 2172 1171 2235 et

42 2267 233 2360 habendam,
251 2273 357 2340 eidem
375 2273 489 2342 Oomiti
505 2272 629 2340 Jaebbo
655 2281 848 2358 perpetuum
873 2272 1042 2342 iilenoium
1066 2273 1169 2360 impo-

41 2383 156 2444 nentes.
182 2381 257 2448 Hoe
282 2381 386 2448 eciam
412 2383 599 2448 necessario
623 2380 829 2466 presentibus
852 2379 1003 2448 duximus
1026 2381 1168 2450 inseren-

43 2481 129 2570 dnm;
147 2489 238 2571 quod
254 2509 325 2557 oum
342 2489 500 2573 Magister
515 2490 654 2557 Miebuel
673 2489 713 2556 de
731 2487 845 2556 Gastro
861 2489 992 2577 Ferreo,
1009 2487 1166 2556 Notarius

43 2587 184 2675 Magistri
203 2595 294 2683 Opor
309 2597 436 2667 Judiois
453 2598 548 2665 Curio
572 2598 696 2665 domini
721 2597 822 2682 Regis
848 2595 970 2664 domini
996 2597 1108 2678 nostri,
1124 2617 1166 2664 ex
1297 2661 1302 2668 .

43 2701 262 2770 commissione
278 2704 422 2772 eiusdem
439 2705 560 2773 domini
576 2705 679 2772 nostri
697 2704 741 2771 sd
762 2701 981 2789 subigendum
1006 2705 1079 2770 iura
1105 2723 1168 2770 sua

42 2803 72 2868 in
85 2809 241 2879 societate
272 2835 338 2880 rna
368 2813 536 2882 nobiseum
569 2819 727 2899 maneret,
763 2821 795 2880 et
810 2833 871 2880 nos
902 2815 936 2880 in
953 2811 1101 2879 omnibus
1116 2809 1165 2878 la·

42 2912 94 2980 etis
108 2937 164 2985 seu
182 2922 329 3006 negoeijs
345 2923 477 3008 nostris,
495 2928 527 2989 et
551 2921 737 3007 speoialiter
761 2919 795 2986 in
819 2920 906 2988 laeto
930 2920 1035 3003 sigilli
1060 2917 1163 2986 nostri

42 3023 136 3093 eidem
152 3036 322 3114 tamquam
338 3030 427 3097 soeio
443 3037 554 3096 nostro
571 3028 825 3111 confideremus3
842 3027 928 3094 idem
939 3027 1096 3110 Magister
1106 3027 1164 3093 lti-

2 3119 3 3122 '
42 3131 125 3200 ebsel
140 3137 350 3223 priuilegium
367 3137 427 3204 sub
444 3137 556 3222 sigillo
572 3147 682 3204 nostro
699 3154 798 3223 super
815 3133 1062 3238 laotooprediete
1086 3153 1162 3218 pos·

41 3241 184 3310 sessionis
218 3254 330 3312 eontra
355 3244 487 3313 easdem
503 3245 651 3312 dominas
667 3261 796 3310 sorores
814 3243 938 3326 absque
953 3247 1064 3308 nostro
1074 3241 1161 3308 seitu

42 3350 238 3419 etoonsensn
254 3351 359 3419 eidem
376 3351 492 3419 Comiti
509 3351 633 3420 Jaeobo
658 3349 789 3417 dedisse
814 3348 931 3417 dieitur
955 3347 1038 3415 falso
1063 3348 1162 3414 modo

41 3458 207 3538 elpenitus
224 3466 337 3526 eontra
351 3459 442 3544 inra;
459 3457 544 3524 vnde
561 3459 589 3526 si
614 3458 663 3524 ita
688 3465 739 3526 est
764 3458 848 3524 siout
873 3455 1000 3543 dieitur,
1025 3454 1160 3540 priuile-

42 3556 119 3640 glum
133 3566 196 3632 snb
213 3565 324 3649 sigillo
341 3573 453 3634 nostro
469 3573 583 3634 eontra
599 3567 732 3635 easdem
749 3564 899 3632 dominas
915 3581 1043 3631 sorores
1058 3579 1159 3647 super

40 3659 117 3733 laeto
132 3670 278 3741 eiusdem
293 3675 512 3760 possessionis
523 3674 655 3760 Vyzlorr
670 3693 728 3758 per
744 3670 882 3740 eundem
891 3670 1048 3738 comitem
1060 3670 1157 3736 Jaeo·
1283 3711 1285 3716 ,

42 3769 106 3841 bum
121 3799 178 3864 per
194 3780 377 3848 huiusmodi
392 3781 549 3867 fraudem,
577 3780 785 3847 dolositatem
801 3786 834 3845 et
857 3775 1022 3843 maneum
1047 3783 1158 3860 opten-

41 3879 107 3972 turn,
123 3905 291 3956 cassamus
314 3895 346 3958 et
361 3910 420 3976 per
435 3891 545 3957 omnia
560 3889 747 3971 irritamus3
763 3887 810 3952 ita
828 3885 993 3970 videlieet,
1010 3889 1157 3965 rtquen·

42 3984 216 4083 doeumque,
232 3997 426 4082 ubicumque
443 4005 474 4063 et
489 4017 548 4084 per
564 4002 788 4082 quemennque
812 3992 919 4079 ipsum
944 3989 1151 4076 priuilegium

41 4094 69 4162 iu
89 4101 189 4172 luoem
216 4105 391 4174 deductum
416 4103 523 4192 fuerit,
549 4104 673 4170 uiribus
698 4107 810 4168 eareat
833 4096 1006 4164 firmitatis.
1031 4097 1154 4162 Datum

42 4204 119 4278 Bude
133 4215 269 4302 septimo
286 4214 340 4280 die
355 4222 431 4300 post
446 4221 582 4282 ootauas
608 4208 800 4277 Natiuitatis
826 4203 973 4289 Virginis
1000 4201 1152 4270 Glorioso

44 4331 115 4383 anno
130 4321 260 4390 Domini
276 4321 398 4390 M⁰GO⁰
414 4319 628 4405 nonagesimo
644 4322 765 4403 quinto.

45 4512 161 4579 (birodetis
174 4519 534 4589 bdrbdrtydnazbld·rbrbs
557 4512 787 4584 selyertmsindron
808 4509 892 4578 ssigg'd
914 4505 1007 4578 peesdt
1029 4505 1105 4568 alatt,
1129 4519 1150 4558 a

341 4612 424 4663 budai
435 4611 489 4662 kir.
499 4610 620 4661 kamsrsi
642 4601 833 4668 lertlttrban.)

473 4753 688 4769 --
