3146 5192
555 459 708 470 *na—-

0 544 5 576 ¹
75 563 165 648 Petri,
190 563 396 650 iobagionum
423 559 528 632 Custri
560 563 602 632 de
627 553 795 648 Vng'sine
821 565 940 632 herede
964 565 1204 635 decedencium-

20 660 22 665 ’
76 669 182 736 Rusbe
198 681 359 758 uocatam,
376 665 409 738 in
427 671 591 739 Comitatu
608 671 647 738 de
664 671 739 756 Vng
756 674 957 759 existentem,
976 695 997 742 a
1022 673 1116 743 uobis
1142 697 1211 760 pe·-

0 770 5 793 '
76 769 126 857 'eijt
140 779 201 844 sibi
217 777 299 844 dari.
326 779 444 848 Verum
469 779 546 863 quia
573 775 614 845 de
633 779 795 863 qualitate
820 787 852 845 et
878 781 1062 864 quantitate
1089 781 1209 866 ipsius-

4 872 5 875 *
75 883 159 950 nobis
188 887 311 954 ueritas
326 907 391 954 non
422 887 601 972 constabat,
617 885 771 953 fidelibus
787 887 907 954 uostris
924 887 1075 973 Capitulo
1100 887 1193 971 Agri-

0 984 6 1013 *
76 991 139 1055 ensi
162 993 281 1059 nostris
308 989 455 1059 dedimus
482 992 600 1058 litteris
624 993 659 1057 in
684 993 858 1077 mandatis,
891 999 927 1060 vt
953 993 1117 1060 bominem
1140 1015 1193 1062 su·

76 1117 123 1162 um
145 1097 309 1164 mitterent
349 1097 477 1165 iidelem
503 1119 560 1183 pro
600 1099 806 1180 testimonio,
839 1120 949 1167 coram
979 1121 1043 1186 quo
1076 1100 1192 1168 Comes

77 1205 234 1272 lohannes
250 1205 291 1272 de
317 1207 426 1273 Takta
441 1209 537 1273 homo
562 1213 674 1274 noster
699 1208 918 1274 reambularet
942 1210 1050 1294 ipsam
1073 1215 1195 1292 terram

76 1313 271 1398 presentibus
303 1315 538 1380 commetaneis
578 1320 611 1378 ct
639 1313 767 1400 vicinis,
794 1323 826 1379 et
851 1321 1007 1382 statueret
1039 1315 1103 1400 ipsi
1135 1313 1194 1382 Oo-

76 1419 140 1485 miti
153 1421 288 1508 lacobo,
304 1422 334 1488 si
359 1442 423 1487 non
440 1419 532 1489 lieret
548 1421 795 1509 contradictum,
822 1421 1077 1490 contradictores
1109 1443 1196 1505 uero,

79 1525 105 1594 si
121 1527 173 1610 qui
188 1527 320 1616 fierent,
354 1527 396 1594 ad
429 1536 572 1597 nostram
589 1529 705 1597 citaret
729 1532 932 1616 presenciam
959 1528 1002 1596 ad
1025 1532 1207 1599 terminum„

78 1641 314 1719 competentem.
350 1635 445 1714 Quod
476 1636 605 1722 quidem
637 1637 818 1724 Capitulum
850 1637 980 1704 demum
1012 1639 1106 1706 nobis
1146 1659 1196 1706 rc·

4 1756 6 1761 ’
78 1741 208 1828 scripsit,
238 1749 276 1810 ut
300 1745 463 1813 bominem
480 1765 575 1813 suum
600 1745 744 1814 misisset
768 1745 896 1814 fidelem
920 1765 979 1831 pro
1010 1743 1209 1814 testimonio·

78 1868 142 1914 cum
158 1849 279 1917 Gemite
295 1852 444 1921 Jobanne
460 1853 665 1939 supradicto;
698 1853 753 1937 qui
769 1853 976 1939 presentibus
992 1855 1143 1922 Jobannc
1160 1853 1193 1921 ti·

0 1960 6 1987 '
79 1959 119 2026 lio
135 1959 246 2026 Jacobi
263 1959 304 2026 de
320 1961 436 2046 Palag,
460 1959 615 2030 Marcello
645 1963 686 2028 de
711 1963 917 2048 Zelementh;
950 1962 1027 2030 item
1060 1962 1196 2029 officiali

0 2072 6 2091 '
78 2063 336 2133 ComitisDetrici
351 2067 408 2132 lilii
424 2067 585 2152 Symonis‚
600 2069 718 2134 Zoltan
733 2068 876 2135 officiale
893 2067 1008 2156 Sinka,
1025 2069 1194 2154 Stephano

0 2182 6 2199 ⁶
78 2169 137 2238 ilio
150 2173 253 2258 Buda,
270 2173 428 2241 Samsone
444 2173 512 2240 lilio
538 2174 687 2262 Nicolay,
703 2181 736 2240 et
750 2175 847 2243 Petro
863 2175 1001 2261 Magn0;
1016 2176 1093 2242 item
1111 2161 1197 2243 Beue

1 2288 5 2309 “
79 2277 140 2345 ilio
155 2277 258 2362 Pauli,
275 2280 404 2374 quipro
421 2299 456 2348 sc
481 2288 514 2347 et
538 2302 598 2367 pro
624 2282 704 2364 aliis
731 2281 884 2349 fratribus
911 2281 979 2349 suis
1005 2285 1199 2369 comparuit,

0 2396 3 2423 '
81 2386 301 2454 commetaneis
326 2387 410 2456 dicte
435 2395 519 2455 terre
544 2389 763 2476 personaliter
787 2391 1049 2476 comparentibus
1075 2398 1108 2458 et
1131 2409 1202 2458 uon,

81 2493 374 2582 contradicentibus,
391 2495 475 2562 sicut
490 2495 525 2560 in
542 2495 662 2562 litteris
679 2493 758 2562 dicti
776 2495 921 2580 Capituli
938 2497 1095 2565 contineri
1111 2495 1191 2568 uidi·

81 2619 151 2685 mus,
176 2601 283 2686 ipsam
308 2607 429 2667 terram
454 2601 569 2668 Rozka
601 2602 838 2670 reambulasset
863 2609 895 2667 ct
933 2605 1104 2671 statuisset
1137 2603 1211 2669 (lo--

81 2693 142 2773 niiti
171 2693 295 2776 Jaccbo
312 2709 508 2794 supradicto.
540 2711 608 2776 Nos
642 2707 753 2792 itaque
779 2709 833 2793 qui
859 2730 900 2776 ex
925 2709 1030 2778 officio
1056 2711 1197 2796 suscepti

82 2799 237 2898 regiminis
254 2815 429 2900 unicuique
444 2817 646 2902 respondere
663 2824 809 2882 tenemur
825 2837 882 2902 pro
900 2817 1048 2900 seruicijs
1064 2825 1096 2884 ct
1121 2817 1197 2886 tide·

82 2921 217 2990 litatibus
233 2924 391 3009 eiusdem,
406 2925 715 3006 considerantesque
731 2923 890 3008 obsequia
915 2924 1069 3008 graciosa
1093 2923 1196 3010 ipsius

82 3029 204 3096 Comitis
219 3029 346 3116 Jacobi,
363 3051 427 3114 que
452 3029 513 3096 sub
538 3036 645 3097 castro
676 3029 853 3098 Viennensi
883 3050 947 3097 nou
978 3029 1049 3096 sine
1075 3033 1199 3100 cruoris

82 3133 228 3202 effusione
245 3137 390 3203 exhibuit
405 3143 441 3202 ut
459 3137 595 3204 fideliter
610 3140 657 3205 sic
673 3137 799 3221 deuote,
816 3137 936 3203 dictam
953 3148 1073 3203 terram
1081 3137 1197 3204 Ruzlsa

84 3239 178 3307 eidem
195 3241 311 3309 Oomiti
327 3244 450 3309 Jacobo
469 3263 541 3310 cum
558 3245 708 3310 omuibus
724 3244 798 3340 suis
817 3243 1015 3311 utilitatibus
1040 3251 1073 3310 ct
1099 3245 1198 3330 perti·

0 3358 1 3405 l
83 3349 198 3432 nencijs
214 3351 374 3417 uniuersis
400 3352 461 3417 sub
487 3351 580 3418 metis
606 3357 638 3418 et
663 3351 811 3417 terminis
838 3353 992 3436 antiquis,
1021 3349 1055 3416 in
1082 3349 1198 3433 quibus

84 3471 135 3538 per
148 3459 269 3542 priores
296 3459 469 3524 seruitorcs
493 3457 636 3526 limitata
659 3457 767 3524 fuerat
793 3466 825 3524 et
851 3475 1015 3544 possessa,
1041 3455 1200 3543 dedimus,

23 3627 28 3632 .
85 3563 268 3631 contulimus
284 3573 317 3632 et
331 3565 526 3634 tradidimus
542 3565 611 3631 iure
627 3572 782 3652 perpetuo
799 3563 933 3650 pacifice
954 3562 1198 3650 possidendam.

85 3670 117 3734 ln
133 3669 220 3738 euius
237 3673 285 3738 rei
311 3675 498 3740 memoriam
530 3679 785 3758 perpetuamque
816 3671 998 3740 firmitatem
1030 3679 1207 3757 presentes

85 3781 292 3846 concessimus
307 3781 434 3846 litteras
451 3779 612 3866 dupplicis
626 3779 728 3862 sigilli
744 3780 847 3846 nostri
863 3777 1040 3846 munimine
1067 3781 1196 3844 robora·

15 3874 20 3887 ’
86 3889 138 3950 tas.
168 3889 288 3952 Datum
312 3908 370 3972 per
405 3907 520 3954 manus
546 3887 742 3954 venerabilis
766 3888 869 3974 patris
894 3885 1016 3952 domini
1041 3884 1197 3972 Anthonij

85 3991 139 4056 Dei
153 3994 265 4076 gracia
280 3995 434 4080 Episcopi
451 3993 688 4063 Obanadicnsis
705 3995 781 4062 aule
797 4001 907 4061 nostre
937 3989 1200 4058 Vico-(lancella-

87 4097 120 4180 rij
137 4097 246 4168 dilecti
263 4108 295 4166 et
311 4101 415 4168 tidelis
432 4103 534 4168 nostri
566 4123 651 4168 anno
677 4101 809 4167 Domini
834 4099 1025 4166 millessimo
1050 4095 1199 4163 ducente·

86 4203 159 4270 simo
174 4191 386 4291 nonagesimo
410 4217 537 4292 octauo,
563 4211 675 4291 quinto
700 4208 783 4295 ydus
809 4207 933 4292 Aprilis
957 4203 1063 4287 Regni
1089 4209 1199 4270 autem

86 4313 177 4378 nostri
192 4335 279 4382 anno
297 4323 423 4383 octauo.

87 4451 214 4512 (chdatie
226 4457 401 4526 instrepis,
424 4461 538 4527 melyrdl
562 4479 580 4514 a
592 4459 693 4527 kirtlyt
712 4459 808 4527 pectit
825 4459 952 4514 torsdcks
965 4453 1140 4520 noros-sirga
1161 4469 1209 4505 sea

211 4551 281 4628 lyam
294 4547 420 4604 mindron
429 4550 515 4616 titggn
528 4566 546 4603 s
559 4566 645 4604 nomn.
658 4565 783 4601 museum
801 4540 1041 4610 lrdsirattiribsn.)
