3124 5194
885 982 958 1049 148.

357 1185 494 1250 morton
510 1205 607 1250 eomes
623 1181 910 1269 alorrzdpbr‘rdrrak
937 1181 1079 1249 Kolobon
1096 1182 1252 1266 belpatpet
1267 1176 1432 1260 tcirpyczd
1447 1171 1503 1237 it&

517 1292 574 1356 lete
589 1288 720 1356 Aladclr
734 1299 846 1354 mester
864 1291 897 1356 dr
919 1289 1008 1356 Krrlre
1024 1286 1134 1355 Jatot
1149 1285 1227 1352 boor.
1246 1285 1344 1377 1296,

471 1485 540 1552 Nos
557 1483 673 1551 Comes
688 1485 846 1550 Martinus
861 1481 1039 1550 Viceiudex
1054 1482 1152 1550 Curia
1167 1480 1292 1545 domini
1307 1477 1408 1560 Regis
1433 1494 1501 1542 me

364 1591 468 1659 moria
483 1592 748 1658 commendantes
765 1589 985 1674 significamus
1012 1591 1129 1672 quibus
1146 1586 1278 1673 expedit
1293 1593 1408 1652 tenore
1425 1601 1503 1670 pre·

364 1698 509 1766 seneium
531 1699 709 1785 vnlnersis,
740 1695 828 1782 quod
852 1697 1009 1784 Magister
1033 1695 1211 1762 Aladerius
1227 1694 1314 1761 lilius
1330 1693 1440 1759 Cheta
1456 1688 1503 1757 ad

365 1810 511 1873 nostram
544 1805 758 1892 personaliter
773 1805 932 1872 recedens
948 1803 1153 1890 presenciam
1170 1799 1318 1868 exhibuit
1334 1799 1430 1866 nobis
1447 1797 1502 1863 lit·

357 1919 454 1980 ‘teras
469 1920 597 1980 nostras
614 1911 819 1980 memoriales
834 1912 1039 1980 continentes
1054 1911 1140 1978 bunc
1156 1913 1323 1976 tenorem:

476 2021 596 2085 Datum
611 2039 671 2104 pro
688 2019 855 2104 memoria,
872 2019 959 2102 qnod
974 2037 1118 2104 oausam,
1134 2036 1232 2099 quam
1249 2013 1412 2098 Magister
1420 2012 1499 2080 Ala·

368 2125 480 2194 darius
496 2127 711 2212 personaliter
725 2133 840 2195 astans
863 2135 976 2194 contra
990 2125 1149 2194 Jacobnm
1164 2124 1287 2192 dictum
1302 2121 1422 2207 Kobe,
1438 2137 1500 2206 pro

369 2252 433 2316 qno
449 2232 600 2299 Clemens
625 2233 666 2299 de
683 2235 770 2319 Bary
784 2235 933 2301 seruiens
947 2253 1026 2301 suus
1041 2251 1113 2300 curn
1130 2231 1364 2318 procuratorijs
1379 2228 1499 2294 litteris

368 2336 516 2426 Omodey
530 2339 674 2406 Palatini
690 2339 878 2426 comparuit,
897 2339 932 2406 in
947 2339 1075 2406 oomnis
1090 2338 1167 2425 diey
1183 2338 1336 2404 itinerum
1353 2337 1499 2404 babebat

360 2466 477 2515 *eorem
492 2447 596 2532 nobis,
612 2446 654 2516 de
673 2448 842 2515 voluntate
865 2448 1013 2532 parcium
1029 2445 1277 2532 proroganimus
1301 2441 1346 2510 ad
1363 2442 1499 2527 quinde-

369 2575 430 2624 nas
444 2556 557 2624 Sancti
572 2553 706 2641 Georgij
722 2556 765 2623 ad
789 2557 920 2641 plenam
935 2553 1179 2640 responsionem
1195 2553 1228 2620 in
1244 2574 1260 2620 s
1276 2587 1320 2600 -
1337 2588 1379 2602 -
1398 2547 1500 2636 priori

371 2661 401 2729 si
416 2659 499 2728 ferie
513 2669 609 2730 sexta
624 2669 700 2728 ante
724 2668 856 2729 octauas
876 2662 996 2728 Passoe
1023 2659 1112 2746 apud
1136 2661 1307 2728 ecelesiam
1332 2658 1376 2724 de
1392 2658 1500 2746 Mysle

370 2786 429 2852 per
444 2767 611 2838 arbitrium
634 2767 771 2835 Comitis
785 2768 873 2837 Petri
899 2767 957 2853 filij
984 2769 1130 2854 Georgij,
1156 2773 1189 2834 et
1203 2767 1290 2834 Petri
1305 2765 1366 2850 filij
1384 2766 1500 2854 (Bane

361 2873 462 2962 dicti)
479 2877 522 2945 de
538 2883 629 2962 parte
644 2875 794 2962 Magistri
808 2875 958 2960 Alndarij
966 2901 978 2976 ᾗ
1003 2875 1082 2945 item
1097 2875 1247 2960 Magistri
1261 2873 1442 2942 Andronici
1458 2871 1499 2939 de

361 2981 525 3070 ''l'erebes,
541 2988 574 3051 et
587 2983 676 3051 Petri
691 2983 749 3068 lilij
767 2981 889 3052 Keleed
904 2984 946 3051 de
961 2991 1057 3070 parte
1071 2983 1231 3070 aduersa,
1258 3003 1325 3050 uon
1350 2983 1501 3067 poterunt

370 3089 574 3158 concordare.
592 3089 633 3154 nt
648 3091 727 3174 quia
742 3090 816 3176 ipsu
842 3109 944 3158 censa
967 3089 1095 3160 diucius
1119 3090 1180 3157 luit
1204 3089 1385 3176 uentileta,
1413 3089 1497 3156 iden

371 3195 533 3282 lacobus,
561 3198 590 3264 si
606 3197 650 3265 ad
675 3197 780 3266 locum
795 3199 921 3284 arbitrlj
947 3220 1014 3266 non
1037 3199 1234 3286 accesserit,
1258 3200 1313 3266 uel
1329 3196 1497 3266 arbitrium

371 3324 437 3371 non
465 3304 696 3392 assumpserit,
722 3305 878 3390 Magistro
906 3305 1063 3374 bladario
1087 3307 1216 3376 soluere
1245 3306 1411 3372 tenebitur
1435 3311 1500 3370 tres

371 3432 500 3482 marcas
515 3421 592 3480 ante
607 3414 717 3498 litem,
741 3415 826 3481 sicut
840 3415 1006 3500 predictus
1026 3415 1178 3484 Clemens
1194 3414 1342 3484 seruiens
1358 3429 1438 3482 suns
1454 3411 1499 3496 ip·

372 3540 444 3586 sum
460 3520 650 3605 Magistrum
667 3521 826 3588 Jacobum
842 3521 964 3587 adhoc
980 3531 1099 3608 sponte
1116 3521 1296 3605 obligauit3
1312 3520 1436 3587 nullum
1453 3525 1499 3584 ta·

373 3643 447 3692 meu
465 3645 641 3708 grauamen
658 3625 730 3711 ipse
745 3627 888 3694 Jacobus
905 3628 1056 3696 babendo
1072 3631 1204 3696 racione
1219 3627 1323 3697 uestri
1333 3627 1454 3712 judieij
1467 3625 1498 3689 iu

375 3734 435 3798 boo
449 3731 554 3815 iaet03
573 3739 669 3817 prout
683 3733 717 3798 id
741 3753 801 3800 nos
818 3734 901 3800 inter
926 3743 1038 3819 partes
1054 3735 1205 3804 duximus
1222 3733 1448 3802 ordinandum.
1462 3734 1500 3798 ut

374 3838 475 3906 series
491 3837 569 3906 laeti
585 3839 619 3905 in
641 3839 758 3908 litteris
784 3839 949 3925 Prepesiti
974 3843 1015 3908 de
1029 3845 1135 3930 Mysle
1160 3844 1255 3910 nobis
1272 3842 1372 3909 debet
1396 3859 1500 3926 repor-

373 3946 445 4015 tari.
463 3945 584 4012 Datum
601 3945 692 4013 Bude
708 3947 846 4031 septimo
863 3947 916 4016 die
932 3949 1060 4014 termini
1080 3950 1254 4034 prenotati.

481 4053 743 4121 Aduenientibue
753 4053 863 4139 itaque
876 4057 958 4140 ipsis
976 4056 1147 4140 quindenis
1163 4057 1259 4123 Beati
1276 4055 1411 4140 Georgij
1425 4073 1501 4122 mar·

366 4160 445 4228 'tiris
462 4160 547 4229 idem
563 4159 721 4243 Magister
736 4161 912 4227 Aladnrins
935 4162 1079 4230 exhibuit
1100 4163 1227 4230 litteras
1243 4161 1324 4228 dicti
1339 4161 1500 4248 Prepesiti

373 4268 408 4334 in
424 4267 485 4334 hec
505 4269 620 4335 uerba:

481 4374 559 4442 vno
576 4376 677 4442 nourr
702 4375 813 4444 ruore
842 4376 941 4446 curre
966 4379 1087 4446 domini
1113 4329 1371 4462 nemorosae
1390 4381 1501 4462 nepo

375 4481 456 4547 situs
474 4479 515 4548 de
532 4481 626 4547 Misle
654 4481 902 4548 inelinacionem
919 4504 992 4550 enm
1019 4485 1148 4552 bonore.
1177 4485 1279 4552 Vobis
1305 4489 1421 4552 tenore
1437 4503 1501 4570 pre·

373 4589 519 4656 sericium
538 4589 753 4675 declaramus,
770 4589 856 4674 quod
872 4591 1065 4660 accedentes
1081 4589 1125 4658 ad
1140 4597 1284 4660 nostram
1300 4597 1499 4678 presenciam
