3132 5192
856 319 1007 418 -.Q-

367 507 525 576 berbesio
542 515 574 576 et
590 508 665 594 filijs
681 511 825 578 eiusdem
841 521 984 580 nostrum
1000 515 1206 601 priuilegium
1238 537 1309 582 non
1343 515 1486 580 obstante

366 616 521 684 absencia
538 619 642 703 partis
660 619 797 687 aduerse
811 622 1016 689 conferemus.
1034 625 1154 689 Datum
1180 623 1212 688 in
1239 623 1420 709 quindenis
1435 622 1490 688 b'a·

341 721 504 790 ‘tinitatis
537 725 628 792 Beati
646 725 805 795 Jobannis
831 727 979 814 Baptiste
1003 751 1089 797 anno
1107 731 1235 798 Domini
1252 729 1383 796 M⁰CG⁰
1400 750 1488 796 nona-

366 829 490 912 gesimo
507 832 616 898 tercio.

364 1024 482 1094 (saepest
494 1029 588 1082 Jabab
602 1027 811 1101 orsutgbirbnak
826 1000 937 1088 iere-ki
947 1031 1110 1105 dtiratdb613
1123 1051 1140 1086 o
1153 1036 1236 1089 budai
1249 1037 1308 1086 kir.
1324 1033 1447 1086 damasi
1456 1031 1478 1083 is

851 1121 1015 1196 vtitdrban.)

907 1837 951 1908 82

304 2113 307 2120 Ι
361 2035 392 2096 Α
408 2031 504 2098 tadei
519 2031 742 2118 kdptalauualt
758 2035 1034 2122 bizonyectpleoete,
1052 2039 1135 2122 bopy
1154 2033 1293 2124 Gyiirpy
1311 2032 1486 2120 Eqnokfissr

360 2139 508 2207 Pomdszc'
523 2141 622 2224 labos,
638 2141 784 2228 &conpos
798 2145 940 2229 szdllcjet
954 2167 977 2210 o
991 2145 1181 2231 opulensque·
1196 2137 1483 2230 optemcrdonat

807 2251 924 2316 eladto.
943 2251 1040 2317 1293.

719 2411 747 2478 Α
909 2411 936 2476 Β
1098 2411 1123 2476 0

469 2545 653 2634 Capitulum
667 2547 828 2619 Budensis
845 2551 991 2620 Ecclesie
1007 2550 1157 2618 omnibus
1184 2549 1308 2618 Obristi
1336 2546 1483 2616 fidelibus

359 2659 564 2742 presencium
580 2659 732 2726 noticiam
748 2659 907 2730 habituris
922 2661 1059 2728 salutem
1075 2659 1110 2726 in
1129 2679 1178 2744 co,
1195 2659 1252 2743 qui
1268 2659 1329 2726 dat
1348 2657 1483 2724 salutem

359 2763 506 2833 omnibus
522 2773 553 2832 et
569 2773 752 2838 conseruat.
779 2766 832 2834 Ad
854 2767 1077 2836 uniuersorum
1093 2767 1248 2834 noticiam
1263 2773 1333 2832 tom
1360 2781 1481 2851 presen-

357 2871 440 2938 cium
454 2893 550 2958 quam
567 2873 745 2944 futurorum
762 2877 875 2944 barum
892 2875 975 2943 serie
999 2876 1149 2942 uolumus
1175 2873 1368 2959 peruenire:
1403 2867 1481 2954 quod

358 2978 517 3066 Georgius
534 2983 617 3050 iilius
633 2983 684 3066 Eg
701 2983 742 3048 ds
757 2984 835 3048 viiia
850 2983 968 3048 Pomaz
983 2983 1027 3049 ab
1044 3002 1109 3050 una
1122 2987 1224 3067 parte,
1236 2987 1269 3046 et
1279 2979 1386 3048 irater
1396 2975 1479 3061 bioyo

357 3085 397 3152 de
413 3085 535 3155 Ordine
551 3091 701 3158 Fratrum
717 3089 960 3158 Predicatorum
976 3097 1167 3176 procurator
1192 3108 1340 3158 sororum
1369 3086 1411 3154 de
1437 3083 1481 3148 In·

357 3194 428 3260 sula
445 3194 544 3264 Beate
560 3195 704 3282 Virginis
721 3217 786 3264 una
801 3199 874 3265 tum
890 3197 1061 3264 Dominioo
1077 3196 1177 3262 iratre
1193 3195 1245 3264 sni
1261 3193 1398 3262 Ordinis
1413 3190 1476 3256 nice

358 3307 389 3370 et
405 3304 533 3370 nomine
551 3305 727 3372 earundem
745 3325 891 3374 sororum
908 3325 947 3372 ex
963 3305 1079 3388 altera,
1098 3323 1207 3372 eoram
1223 3303 1319 3370 nobis
1336 3317 1478 3388 persona·

357 3410 428 3474 litor
444 3412 620 3490 constituti,
637 3413 801 3498 predictus
819 3413 979 3497 Georgius
997 3412 1167 3482 consessus
1184 3419 1241 3496 est,
1258 3409 1477 3496 quodvinesn

356 3535 449 3580 suam
465 3515 498 3582 in
514 3519 675 3585 territorio
691 3521 777 3588 dicte
788 3521 867 3588 ville
877 3525 995 3588 Pomuu
1007 3521 1195 3606 porcionem
1205 3518 1477 3605 predictaromso·

355 3640 464 3686 rorum
474 3622 724 3707 contingentem,
744 3627 830 3694 inter
849 3627 962 3694 vineas
975 3628 1119 3713 ipsarum
1135 3646 1282 3694 sororum
1303 3633 1336 3692 et
1351 3625 1477 3692 filiorum

356 3725 1136 3816 Petnrkeexistentem,cumomnibnsntilitatibus
1147 3736 1215 3801 suis
1226 3728 1478 3819 etpe'rtinencijs,

276 3913 281 3920 Ι
357 3831 454 3900 dictis
462 3833 624 3902 sororibus
642 3857 698 3921 pro
716 3841 819 3908 tribus
835 3840 954 3926 marcis
974 3843 1070 3925 piene
1080 3841 1223 3925 receptis
1241 3833 1477 3920 asciscendo

354 3936 524 4008 uoluntate
531 3946 561 4006 et
570 3961 731 4013 consensu
738 3948 881 4012 omnium
892 3954 1102 4029 cognotorum
1113 3967 1244 4015 suornm
1254 3947 1475 4016 stoicicorum,

353 4045 443 4112 nullo
459 4048 586 4131 penitus
603 4051 839 4120 contradictore
855 4053 1028 4141 existente,
1055 4053 1261 4124 uendidisset
1286 4050 1474 4138 peremniter

354 4163 387 4222 et
402 4154 655 4224 irreuocabiiiter
670 4160 918 4248 possidendam
935 4163 1138 4234 assumendo
1155 4171 1188 4230 et
1197 4163 1379 4246 obligando
1388 4179 1429 4244 se,
1442 4159 1473 4222 ui

353 4262 381 4330 si
397 4262 523 4347 prefate
538 4285 664 4334 sorores
683 4285 836 4351 processu
855 4275 1031 4354 temporum
1049 4273 1180 4339 racione
1196 4273 1291 4340 vinee
1308 4271 1471 4337 memorate

352 4388 411 4453 per
435 4373 619 4456 quempiam
635 4374 892 4459 molestarentur,
912 4382 1075 4444 teneretur
1091 4379 1222 4446 easdem
1248 4379 1423 4446 defendero
1444 4374 1471 4435 oi

352 4476 491 4543 liberare
507 4479 649 4564 proprijs
666 4481 830 4548 laboribus
846 4489 878 4548 et
896 4483 1055 4567 expensis.
1071 4485 1109 4552 in
1126 4486 1277 4554 cuinsrei
1295 4481 1468 4555 memoriam

351 4595 603 4672 perpetuamque
632 4587 818 4657 firmitatem
834 4587 877 4656 ad
892 4589 1089 4662 instanciam
1106 4601 1138 4661 et
1152 4595 1355 4681 peticionem
1382 4593 1467 4664 Geor·
