3180 5202
871 365 1031 464 *em

383 559 497 641 ahquo
513 571 686 632 cansarum
702 559 840 626 articulo
855 567 1032 648 antequam
1048 558 1134 625 idem
1152 556 1278 643 Rofoyn
1303 558 1414 624 Banna
1441 577 1519 624 eun
1583 534 1585 547 ¹

385 663 460 732 dem
484 665 692 734 conuenisset
716 685 826 732 coram
851 663 955 747 nobis,
982 664 1167 733 huiusmodi
1192 664 1354 732 actoribus
1378 665 1423 730 de
1448 685 1520 748 por-
1588 648 1590 663 ⁴

386 774 481 840 cione
495 773 742 857 possessionum
757 770 903 840 eiusdem
919 769 1068 839 Ladizlai
1093 774 1155 858 ipsi
1181 771 1312 858 Bofoyn
1337 773 1431 838 Bano
1464 770 1519 836 ati·

384 879 529 946 iudicata
543 878 696 945 satisfieri
722 879 840 947 debeat
865 880 959 946 iuxta
983 879 1089 965 Regni
1112 879 1218 947 nostri
1243 877 1518 945 consuetudinem

385 985 609 1070 approbatam.
624 986 746 1054 Datum
761 987 854 1053 Bude
869 988 903 1053 in
919 988 1043 1054 octenis
1059 987 1245 1072 Epiphanie
1270 987 1403 1054 Domini
1432 1005 1526 1052 anno

388 1089 533 1158 eiusdem
548 1093 581 1157 M
589 1103 599 1133 ⁰
614 1095 849 1161 trecentesimo.

386 1285 524 1353 (Eredetie
535 1284 711 1356 btirhirtyin,
724 1303 741 1339 a
754 1283 832 1340 hatur
845 1289 897 1340 oda
911 1296 1034 1354 nyomctt
1046 1288 1139 1356 peccet
1161 1287 1294 1341 elveszett
1306 1308 1313 1352 ;
1327 1305 1344 1340 a
1367 1291 1455 1341 budai
1479 1291 1521 1339 ki·

745 1374 817 1443 rityi
830 1378 954 1429 hamarai
964 1376 1155 1444 lcvtlttrban.)

841 1663 1055 1675 ———.—

929 1979 1005 2046 245.

386 2183 453 2246 ΙΙΙ.
470 2181 581 2246 madre
595 2179 702 2262 kirtly
717 2181 897 2263 meyerhsiti
906 2174 1020 2243 [atocio
1030 2201 1129 2244 comae
1140 2179 1432 2264 aiorszopbo'r6ack
1447 2179 1522 2245 Tut-

385 2293 461 2352 πιάη
476 2293 506 2352 e's
523 2285 638 2350 Lanka
668 2285 855 2370 helpstpeltet
885 2289 1038 2371 ta'rpyaao
1067 2285 1260 2350 ittietleoelat
1283 2284 1383 2350 Jcicoc
1407 2299 1521 2351 mester

667 2392 873 2457 Zoloochuck
881 2393 935 2474 fla
954 2396 1114 2459 eadmero.
1133 2392 1230 2456 1300.

347 2651 357 2670 ,
488 2584 638 2652 Andreas
672 2585 734 2651 Dei
772 2585 885 2668 gracia
925 2584 1113 2670 Hungarie,
1144 2585 1333 2669 Dalmacic,
1367 2583 1517 2671 croatie,

385 2694 498 2778 Rame²
529 2691 652 2775 Seruie,
680 2692 828 2777 Gallicie,
859 2692 1062 2779 Lodomerie,
1096 2693 1264 2776 Cumanie‚
1295 2691 1521 2776 Bnlgarieqne

381 2802 455 2867 Rex
480 2799 627 2867 omnibus
653 2797 773 2866 Christi
797 2799 949 2869 fidelibus
979 2808 1047 2869 tam
1072 2800 1278 2886 presentibus
1307 2821 1405 2883 quam
1429 2801 1517 2865 futu·

382 2907 427 2974 ris
444 2927 578 2993 presens
607 2908 765 2992 scriptum
791 2907 989 2994 inspecturis
1013 2909 1152 2976 salutem
1183 2910 1217 2975 in
1234 2909 1378 2974 omnium
1405 2907 1514 2972 salua·

386 3024 465 3082 tore.
482 3017 535 3084 Ad
551 3015 772 3081 uniuersorum
796 3014 950 3082 noticiam
979 3014 1095 3082 harum
1121 3016 1206 3082 serie
1230 3017 1379 3082 volumus
1402 3033 1517 3099 perne
1563 3078 1568 3087 ,

382 3123 470 3189 nire:
505 3121 591 3207 qnod
621 3121 778 3206 Magister
808 3120 976 3189 Johaunes
1008 3123 1095 3189 filius
1120 3121 1264 3189 Zolouoh
1295 3121 1339 3187 ad
1370 3129 1517 3188 nostram

383 3227 545 3297 accedens
560 3227 764 3314 presencium
780 3227 927 3294 exhibuit
952 3229 1045 3296 nohis
1062 3228 1272 3314 priuilegium
1291 3227 1427 3293 Comitis
1445 3227 1515 3293 Ste-

382 3336 483 3424 phani
498 3333 696 3418 Vioejudieis
712 3332 807 3401 Ourie
823 3341 934 3402 nostre
950 3336 983 3400 in
999 3335 1096 3402 factis
1111 3335 1354 3420 possessionum
1372 3335 1513 3400 Tulman

381 3452 413 3512 et
428 3443 546 3510 Lanka
562 3446 751 3508 uocatarum
766 3442 801 3507 in
818 3439 980 3509 comitatu
997 3441 1039 3508 dc
1056 3442 1209 3508 Wolkow
1228 3441 1455 3528 existendum,
1472 3459 1512 3506 ex

384 3556 477 3635 parte
497 3550 653 3635 Ronboyd
683 3555 716 3615 et
730 3549 826 3615 Mark
841 3549 983 3616 filiorum
1013 3551 1180 3635 Lampcrti
1211 3549 1442 3615 deuolutarum
1470 3547 1513 3614 ad

383 3657 489 3744 ipsum
505 3656 617 3724 ordine
629 3657 828 3743 judiciari03
855 3664 971 3741 petens
997 3656 1160 3724 humiliter
1176 3675 1249 3722 enm
1265 3655 1450 3742 instancia,
1478 3661 1520 3721 ut

380 3765 487 3851 ipsum
503 3765 711 3851 priuilegium
736 3771 844 3831 ratum
860 3764 992 3850 habere,
1010 3771 1042 3830 et
1073 3775 1183 3832 nostro
1214 3762 1389 3851 priuilegio
1407 3764 1446 3830 de
1458 3764 1509 3828 he·

381 3873 540 3959 nignitate
555 3875 662 3958 Regia
678 3874 884 3958 dignaremur
915 3873 1117 3940 confirmare.
1150 3871 1251 3939 Cuius
1267 3871 1400 3956 quidem
1417 3869 1511 3955 prini-

380 3981 459 4068 legij
478 3987 570 4048 tenor
585 3982 662 4048 talis
678 3989 749 4048 est:

490 4087 535 4174 (N
540 4092 588 4169 )os
605 4089 720 4154 Comes
745 4088 933 4174 Stephanus
953 4085 1135 4172 Vicejudex
1161 4085 1258 4154 Ourie
1274 4085 1399 4153 domini
1413 4085 1513 4168 Regia

380 4197 442 4263 stb.
461 4193 676 4281 (ktvctheuik
692 4196 804 4262 Istvtn
823 4193 1233 4278 comesalorszighironak
1252 4193 1394 4263 1300-ki
1409 4191 1513 4258 itelet·

379 4301 487 4371 leuele
502 4302 586 4368 mint
602 4303 701 4372 altbh
719 4305 793 4370 254.
810 4321 855 4367 sz.
873 4301 918 4386 a.)

490 4410 558 4477 Nou
575 4409 687 4496 itaque
718 4409 899 4496 peticiones
917 4409 1064 4478 eiusdem
1096 4409 1244 4492 Magistri
1269 4408 1429 4475 Johannis
1449 4403 1513 4490 filij

381 4517 524 4584 Zolouoh
542 4517 690 4586 uidentes
716 4535 787 4584 esse
812 4515 915 4584 iustas
932 4522 965 4582 et
979 4515 1164 4599 condignus
1174 4568 1185 4604 ,
1209 4515 1416 4602 priuilegium
1431 4512 1511 4579 eius-

382 4623 455 4692 dem
473 4622 606 4697 Oomitis
626 4623 783 4710 Stephani
798 4623 997 4710 Vicejudicis
1022 4622 1119 4691 Curia
1134 4629 1247 4691 nostre
1263 4642 1323 4708 per
1339 4623 1441 4708 ipsum
1454 4637 1514 4684 no·
