3132 5192
75 1157 106 1222 Α
123 1161 253 1224 adradi
268 1161 467 1226 koucentnelc
482 1163 756 1248 bizonycctpleocle,
775 1167 857 1250 bopy
881 1167 1002 1250 Durrcp
1027 1187 1127 1231 eomes
1143 1130 1214 1248 fini

77 1267 191 1332 Ecbed
207 1267 446 1353 ueotlftilulitlet
471 1273 674 1355 edqomckook
700 1269 876 1357 Gyuldnulc
901 1272 1097 1356 dtenpedldlc.
1125 1274 1211 1338 1291

185 1481 214 1545 Ι.
232 1479 456 1548 misericordia
472 1483 595 1549 Diuina
611 1485 801 1570 Prepesitus
828 1491 860 1550 et
886 1483 1071 1551 Oonuentus
1097 1483 1210 1550 Sancti

73 1585 236 1672 Stephani
253 1585 500 1656 Prothomatiris
526 1590 566 1654 de
582 1589 806 1657 Promontorio
823 1590 1030 1657 Waradiensi
1058 1587 1208 1656 omnibus

75 1688 198 1759 Christi
216 1691 369 1760 fidelibus
385 1700 450 1760 tam
470 1697 673 1778 presentibus
688 1717 785 1780 quam
802 1697 920 1765 futuris
948 1703 1127 1782 presentem
1153 1716 1208 1780 pa-

74 1799 185 1882 ginam
203 1800 402 1886 inspecturis
419 1803 557 1869 salutem
574 1803 608 1868 in
626 1825 674 1890 ec,
693 1805 748 1888 qui
765 1809 814 1871 est
831 1803 973 1870 omnium
999 1822 1076 1868 uera
1104 1802 1204 1869 salus.

74 1908 124 1972 Ad
157 1908 387 1974 uniuersorum
419 1909 574 1976 noticiam
600 1910 714 1977 harum
744 1910 829 1977 serie
852 1911 1002 1977 uolumus
1026 1909 1207 1996 peruenire,

75 2015 253 2096 quodcum
280 2014 435 2082 Ladizlao
463 2023 495 2082 et
521 2017 652 2084 Maroho
680 2018 758 2102 filijs
784 2015 920 2083 Comitis
944 2016 1069 2100 Durug,
1087 2013 1144 2100 pro
1170 2035 1206 2080 se

73 2140 133 2186 neo
159 2143 229 2186 non
255 2121 389 2188 Alberto
416 2131 448 2189 et
471 2124 641 2190 Dominico
667 2125 819 2193 fratribus
846 2125 913 2190 suis
938 2125 980 2190 ab
1006 2143 1070 2189 una
1101 2129 1204 2208 parte,

75 2226 184 2313 Gyvla
200 2229 270 2294 filio
289 2231 394 2314 Gyvla
409 2251 519 2298 eorum
545 2251 664 2316 sponso
681 2233 724 2296 ab
749 2234 857 2298 altera
881 2251 990 2297 coram
1016 2230 1110 2297 nobis
1135 2250 1202 2314 pcr-

71 2335 228 2402 sonaliter
260 2337 451 2423 constitutis,
483 2339 582 2423 ijdem
609 2339 782 2406 Ladinlaus
808 2347 840 2405 et
866 2337 1016 2404 Marchus
1042 2336 1228 2421 quandam·

71 2447 187 2508 terram
204 2462 265 2510 seu
282 2444 519 2528 possessionem
536 2446 679 2531 ipsorum
695 2445 806 2512 Eched
830 2449 1059 2529 nuncupatam,
1087 2444 1120 2508 in
1147 2441 1199 2508 he·

72 2548 202 2616 redibas
220 2569 342 2639 eorum,
359 2559 395 2616 ut
411 2549 570 2634 dixerunt,
584 2573 642 2638 per
672 2551 830 2619 femineas
859 2553 970 2638 proles
1002 2549 1188 2616 donandam
1193 2609 1201 2642 ‚

1 2668 2 2676 ¹
75 2655 217 2722 <laudm
236 2663 269 2724 ct
285 2657 489 2744 uoluendam,
507 2659 642 2725 suburra
658 2667 746 2725 meta
762 2665 795 2724 et
811 2656 1022 2724 distinooione
1034 2656 1205 2734 inclusam,

1 2815 2 2844 ἶ
76 2745 144 2829 oum
171 2765 325 2832 omnibus
351 2765 544 2832 utilitatibus
569 2765 637 2834 suis
664 2773 696 2832 et
721 2766 940 2853 pertinencijs‚
966 2765 1071 2831 eidem
1098 2762 1203 2846 Gyvle

1 2857 2 2868 ¹
76 2889 194 2952 sponso
227 2871 381 2957 ipsorum,
398 2880 430 2938 et
461 2893 519 2958 per
552 2893 623 2938 eum
648 2873 740 2940 uxori
766 2874 922 2956 eiusdem,
950 2891 1061 2937 eorum
1087 2866 1202 2934 sorori>

1 2993 2 2996 ’
76 2995 173 3042 causa
190 2984 302 3044 mutue
317 2979 515 3062 dileccionis,
549 2985 659 3065 utpote
675 2981 789 3062 Durug
805 2977 950 3064 ipsorum
977 2984 1070 3062 pater
1086 2973 1199 3060 predi·

76 3088 142 3150 ctos
158 3089 308 3169 tempore
324 3091 507 3151 contractus
525 3086 723 3172 matrimonii
736 3067 799 3152 ¹suc
814 3085 880 3152 filie
897 3083 1001 3169 Gyule
1026 3101 1084 3147 suo
1108 3099 1189 3164 spon

77 3208 118 3272 eo,
136 3197 170 3256 ut
185 3175 290 3275 ijdem
307 3190 470 3278 dixerunt,
487 3188 675 3276 tradiderat,
693 3192 763 3258 iure
789 3197 943 3277 perpetuo
968 3185 1200 3274 possidendam

77 3297 166 3362 modo
183 3317 257 3363 oum
273 3297 369 3362 simili
384 3296 484 3382 ijdem
499 3300 675 3367 Ledinlaus
693 3307 724 3365 et
740 3299 890 3366 biarchus
906 3316 1037 3364 suarum
1053 3313 1143 3376 uoce,
1168 3298 1201 3357 et

76 3402 204 3467 fratrum
221 3422 350 3469 suorum
367 3402 590 3490 predictorum,
607 3405 710 3470 eidem
728 3405 835 3488 Gyule
860 3401 1029 3484 dederunt,
1056 3395 1195 3465 tradide-

78 3510 378 3588 runt,·d0nauerunt
393 3511 660 3579 inreuocabiliter
686 3519 718 3578 et
742 3509 874 3596 pacifice
897 3506 1137 3594 possidendam
1162 3509 1199 3572 In

80 3617 163 3682 ouius
179 3617 227 3682 rei
244 3616 460 3683 testimonium
477 3623 731 3701 perpetuamque
749 3619 930 3683 firmitatem
945 3615 1072 3680 litteras
1099 3613 1195 3696 priui-

79 3721 211 3805 legiales
226 3723 328 3789 nostri
344 3722 446 3806 sigilli
461 3724 637 3792 munimine
654 3731 822 3809 presentes
833 3722 984 3789 duximus
995 3719 1196 3788 muniendas.

79 3830 191 3895 Datum
224 3831 268 3895 ab
298 3831 533 3898 lucarnaeione
563 3833 695 3898 Domini
726 3851 811 3897 anno
842 3827 954 3895 ΜὋΟο
981 3827 1196 3912 nonagesimo

1 3966 2 3969 ¹
81 3955 188 4018 pnmo.
1055 3957 1058 3960 ·

1 4160 2 4163 =
83 4130 208 4193 (Eredetie
223 4129 395 4200 bdrhdrtydn,
410 4150 427 4184 a
439 4133 611 4201 singu-verbs
625 4135 853 4200 selyemnsinbron
867 4135 951 4199 fllggd
964 4131 1057 4199 peoset
1069 4131 1155 4194 alatt3
1178 4147 1196 4183 a

393 4223 476 4276 budai
490 4226 542 4276 lrir.
555 4225 677 4276 kamarai
691 4221 882 4288 levdlttrben.)

530 4509 740 4523 m
