<?xml version="1.0" encoding="UTF-8"?>
<!DOCTYPE html PUBLIC "-//W3C//DTD XHTML 1.0 Transitional//EN"
    "http://www.w3.org/TR/xhtml1/DTD/xhtml1-transitional.dtd">
<html xmlns="http://www.w3.org/1999/xhtml" xml:lang="en" lang="en">
 <head>
  <title>
</title>
<meta http-equiv="Content-Type" content="text/html;charset=utf-8" />
  <meta name='ocr-system' content='tesseract 3.04.00' />
  <meta name='ocr-capabilities' content='ocr_page ocr_carea ocr_par ocr_line ocrx_word'/>
</head>
<body>
  <div class='ocr_page' id='page_1' title='image "./codexdiplomatic03wenzgoog_0073.png"; bbox 0 0 3234 5194; ppageno 0'>
   <div class='ocr_carea' id='block_1_1' title="bbox 627 315 784 412">
    <p class='ocr_par' dir='ltr' id='par_1_1' title="bbox 627 315 784 412">
     <span class='ocr_line' id='line_1_1' title="bbox 627 315 784 412; baseline 0 -33"><span class='ocrx_word' id='word_1_1' title='bbox 627 315 784 412; x_wconf 50' lang='lat' dir='ltr'><strong>js—</strong></span> 
     </span>
    </p>
   </div>
   <div class='ocr_carea' id='block_1_2' title="bbox 136 502 1271 1351">
    <p class='ocr_par' dir='ltr' id='par_1_2' title="bbox 150 502 1270 591">
     <span class='ocr_line' id='line_1_2' title="bbox 150 502 1270 591; baseline 0.005 -17"><span class='ocrx_word' id='word_1_2' title='bbox 150 505 291 574; x_wconf 83' lang='lat' dir='ltr'><strong>ladiensi</strong></span> <span class='ocrx_word' id='word_1_3' title='bbox 306 502 505 591; x_wconf 75' lang='lat' dir='ltr'>existentem,</span> <span class='ocrx_word' id='word_1_4' title='bbox 524 525 620 589; x_wconf 87' lang='lat' dir='ltr'><strong>quam</strong></span> <span class='ocrx_word' id='word_1_5' title='bbox 637 505 866 576; x_wconf 81' lang='lat' dir='ltr'><strong>dominusch</strong></span> <span class='ocrx_word' id='word_1_6' title='bbox 892 509 1068 578; x_wconf 77' lang='lat' dir='ltr'><strong>hadizlaus</strong></span> <span class='ocrx_word' id='word_1_7' title='bbox 1092 511 1191 579; x_wconf 82' lang='lat' dir='ltr'><strong>irater</strong></span> <span class='ocrx_word' id='word_1_8' title='bbox 1214 533 1270 580; x_wconf 93' lang='lat' dir='ltr'><strong>no-</strong></span> 
     </span>
    </p>

    <p class='ocr_par' dir='ltr' id='par_1_3' title="bbox 136 612 1271 1351">
     <span class='ocr_line' id='line_1_3' title="bbox 137 612 1269 706; baseline 0.004 -22"><span class='ocrx_word' id='word_1_9' title='bbox 137 627 206 684; x_wconf 88' lang='lat' dir='ltr'><strong>ster</strong></span> <span class='ocrx_word' id='word_1_10' title='bbox 222 612 378 702; x_wconf 87' lang='lat' dir='ltr'><strong>patruelis</strong></span> <span class='ocrx_word' id='word_1_11' title='bbox 404 612 500 680; x_wconf 90' lang='lat' dir='ltr'><strong>dictis</strong></span> <span class='ocrx_word' id='word_1_12' title='bbox 527 613 670 683; x_wconf 89' lang='lat' dir='ltr'><strong>Olinerio</strong></span> <span class='ocrx_word' id='word_1_13' title='bbox 696 623 730 682; x_wconf 90' lang='lat' dir='ltr'><strong>et</strong></span> <span class='ocrx_word' id='word_1_14' title='bbox 755 616 922 684; x_wconf 86' lang='lat' dir='ltr'><strong>Herbordo</strong></span> <span class='ocrx_word' id='word_1_15' title='bbox 947 617 1134 706; x_wconf 77' lang='lat' dir='ltr'><strong>(inmitibus,</strong></span> <span class='ocrx_word' id='word_1_16' title='bbox 1161 627 1193 688; x_wconf 87' lang='lat' dir='ltr'><strong>et</strong></span> <span class='ocrx_word' id='word_1_17' title='bbox 1217 641 1269 688; x_wconf 90' lang='lat' dir='ltr'><strong>eo·</strong></span> 
     </span>
     <span class='ocr_line' id='line_1_4' title="bbox 138 722 1268 818; baseline 0.008 -33"><span class='ocrx_word' id='word_1_18' title='bbox 138 747 208 793; x_wconf 82' lang='lat' dir='ltr'><strong>mm</strong></span> <span class='ocrx_word' id='word_1_19' title='bbox 224 724 398 794; x_wconf 74' lang='lat' dir='ltr'>heredibus</span> <span class='ocrx_word' id='word_1_20' title='bbox 415 741 473 809; x_wconf 88' lang='lat' dir='ltr'><strong>pro</strong></span> <span class='ocrx_word' id='word_1_21' title='bbox 489 722 662 818; x_wconf 81' lang='lat' dir='ltr'><strong>meritorijs</strong></span> <span class='ocrx_word' id='word_1_22' title='bbox 678 724 826 809; x_wconf 89' lang='lat' dir='ltr'><strong>seruicijs</strong></span> <span class='ocrx_word' id='word_1_23' title='bbox 842 727 910 794; x_wconf 92' lang='lat' dir='ltr'><strong>suis</strong></span> <span class='ocrx_word' id='word_1_24' title='bbox 927 727 1090 795; x_wconf 80' lang='lat' dir='ltr'><strong>mediante</strong></span> <span class='ocrx_word' id='word_1_25' title='bbox 1115 747 1173 796; x_wconf 88' lang='lat' dir='ltr'><strong>suo</strong></span> <span class='ocrx_word' id='word_1_26' title='bbox 1203 729 1268 814; x_wconf 92' lang='lat' dir='ltr'><strong>pri-</strong></span> 
     </span>
     <span class='ocr_line' id='line_1_5' title="bbox 142 832 1268 920; baseline -0.002 -18"><span class='ocrx_word' id='word_1_27' title='bbox 142 836 266 920; x_wconf 87' lang='lat' dir='ltr'><strong>uilegio</strong></span> <span class='ocrx_word' id='word_1_28' title='bbox 307 835 498 916; x_wconf 79' lang='lat' dir='ltr'><strong>contulerat,</strong></span> <span class='ocrx_word' id='word_1_29' title='bbox 537 839 634 920; x_wconf 87' lang='lat' dir='ltr'><strong>prout</strong></span> <span class='ocrx_word' id='word_1_30' title='bbox 673 833 707 899; x_wconf 92' lang='lat' dir='ltr'><strong>in</strong></span> <span class='ocrx_word' id='word_1_31' title='bbox 739 833 912 918; x_wconf 88' lang='lat' dir='ltr'><strong>priuilegio</strong></span> <span class='ocrx_word' id='word_1_32' title='bbox 944 832 1089 903; x_wconf 87' lang='lat' dir='ltr'><strong>eiusdem</strong></span> <span class='ocrx_word' id='word_1_33' title='bbox 1120 833 1268 902; x_wconf 83' lang='lat' dir='ltr'><strong>Ladizlai</strong></span> 
     </span>
     <span class='ocr_line' id='line_1_6' title="bbox 136 939 1269 1028; baseline -0.002 -18"><span class='ocrx_word' id='word_1_34' title='bbox 136 945 238 1028; x_wconf 88' lang='lat' dir='ltr'><strong>Regis</strong></span> <span class='ocrx_word' id='word_1_35' title='bbox 270 943 364 1012; x_wconf 89' lang='lat' dir='ltr'><strong>nobis</strong></span> <span class='ocrx_word' id='word_1_36' title='bbox 395 941 541 1009; x_wconf 82' lang='lat' dir='ltr'><strong>exhibito</strong></span> <span class='ocrx_word' id='word_1_37' title='bbox 583 941 722 1006; x_wconf 84' lang='lat' dir='ltr'><strong>vidimus</strong></span> <span class='ocrx_word' id='word_1_38' title='bbox 755 941 931 1027; x_wconf 78' lang='lat' dir='ltr'><strong>contineri,</strong></span> <span class='ocrx_word' id='word_1_39' title='bbox 963 943 1119 1027; x_wconf 85' lang='lat' dir='ltr'><strong>predictis</strong></span> <span class='ocrx_word' id='word_1_40' title='bbox 1153 939 1269 1010; x_wconf 80' lang='lat' dir='ltr'><strong>comiti</strong></span> 
     </span>
     <span class='ocr_line' id='line_1_7' title="bbox 136 1046 1270 1136; baseline 0.001 -20"><span class='ocrx_word' id='word_1_41' title='bbox 136 1051 320 1136; x_wconf 84' lang='lat' dir='ltr'><strong>Herbcrdo,</strong></span> <span class='ocrx_word' id='word_1_42' title='bbox 350 1049 496 1136; x_wconf 85' lang='lat' dir='ltr'><strong>Nicolao,</strong></span> <span class='ocrx_word' id='word_1_43' title='bbox 530 1046 687 1134; x_wconf 80' lang='lat' dir='ltr'><strong>Gregorio</strong></span> <span class='ocrx_word' id='word_1_44' title='bbox 719 1057 751 1116; x_wconf 90' lang='lat' dir='ltr'><strong>et</strong></span> <span class='ocrx_word' id='word_1_45' title='bbox 770 1047 921 1134; x_wconf 86' lang='lat' dir='ltr'><strong>Oliuerio,</strong></span> <span class='ocrx_word' id='word_1_46' title='bbox 953 1069 992 1115; x_wconf 85' lang='lat' dir='ltr'><strong>ac</strong></span> <span class='ocrx_word' id='word_1_47' title='bbox 1017 1049 1094 1135; x_wconf 90' lang='lat' dir='ltr'><strong>alijs</strong></span> <span class='ocrx_word' id='word_1_48' title='bbox 1115 1048 1270 1117; x_wconf 86' lang='lat' dir='ltr'><strong>fratribus</strong></span> 
     </span>
     <span class='ocr_line' id='line_1_8' title="bbox 138 1155 1271 1244; baseline -0.004 -19"><span class='ocrx_word' id='word_1_49' title='bbox 138 1179 262 1242; x_wconf 91' lang='lat' dir='ltr'><strong>eorum,</strong></span> <span class='ocrx_word' id='word_1_50' title='bbox 295 1156 542 1243; x_wconf 84' lang='lat' dir='ltr'><strong>filijs·01iuerij</strong></span> <span class='ocrx_word' id='word_1_51' title='bbox 569 1155 798 1242; x_wconf 76' lang='lat' dir='ltr'><strong>possidendam</strong></span> <span class='ocrx_word' id='word_1_52' title='bbox 823 1163 982 1244; x_wconf 80' lang='lat' dir='ltr'><strong>perpetuo</strong></span> <span class='ocrx_word' id='word_1_53' title='bbox 1013 1158 1204 1242; x_wconf 82' lang='lat' dir='ltr'><strong>reliquimus</strong></span> <span class='ocrx_word' id='word_1_54' title='bbox 1238 1162 1271 1223; x_wconf 88' lang='lat' dir='ltr'><strong>et</strong></span> 
     </span>
     <span class='ocr_line' id='line_1_9' title="bbox 140 1263 1271 1351; baseline -0.002 -20"><span class='ocrx_word' id='word_1_55' title='bbox 140 1266 338 1333; x_wconf 86' lang='lat' dir='ltr'><strong>habendam.</strong></span> <span class='ocrx_word' id='word_1_56' title='bbox 355 1266 396 1331; x_wconf 85' lang='lat' dir='ltr'><strong>Et</strong></span> <span class='ocrx_word' id='word_1_57' title='bbox 413 1285 483 1332; x_wconf 89' lang='lat' dir='ltr'><strong>cum</strong></span> <span class='ocrx_word' id='word_1_58' title='bbox 509 1271 677 1349; x_wconf 85' lang='lat' dir='ltr'><strong>presentes</strong></span> <span class='ocrx_word' id='word_1_59' title='bbox 703 1265 798 1331; x_wconf 88' lang='lat' dir='ltr'><strong>nobis</strong></span> <span class='ocrx_word' id='word_1_60' title='bbox 824 1265 946 1332; x_wconf 88' lang='lat' dir='ltr'><strong>fuerint</strong></span> <span class='ocrx_word' id='word_1_61' title='bbox 969 1271 1142 1351; x_wconf 86' lang='lat' dir='ltr'><strong>reportate,</strong></span> <span class='ocrx_word' id='word_1_62' title='bbox 1167 1263 1271 1333; x_wconf 85' lang='lat' dir='ltr'><strong>eciam</strong></span> 
     </span>
    </p>
   </div>
   <div class='ocr_carea' id='block_1_3' title="bbox 10 1371 1272 1696">
    <p class='ocr_par' dir='ltr' id='par_1_4' title="bbox 10 1371 1272 1696">
     <span class='ocr_line' id='line_1_10' title="bbox 141 1371 1272 1460; baseline -0.002 -21"><span class='ocrx_word' id='word_1_63' title='bbox 141 1373 354 1460; x_wconf 87' lang='lat' dir='ltr'><strong>priuilegium</strong></span> <span class='ocrx_word' id='word_1_64' title='bbox 375 1372 456 1458; x_wconf 92' lang='lat' dir='ltr'><strong>ipsis</strong></span> <span class='ocrx_word' id='word_1_65' title='bbox 473 1391 570 1457; x_wconf 85' lang='lat' dir='ltr'><strong>super</strong></span> <span class='ocrx_word' id='word_1_66' title='bbox 594 1372 742 1458; x_wconf 87' lang='lat' dir='ltr'><strong>predicta</strong></span> <span class='ocrx_word' id='word_1_67' title='bbox 766 1378 852 1438; x_wconf 86' lang='lat' dir='ltr'><strong>terra</strong></span> <span class='ocrx_word' id='word_1_68' title='bbox 883 1371 1091 1441; x_wconf 78' lang='lat' dir='ltr'><strong>Femesl&#39;olua</strong></span> <span class='ocrx_word' id='word_1_69' title='bbox 1131 1372 1200 1439; x_wconf 85' lang='lat' dir='ltr'><strong>dari</strong></span> <span class='ocrx_word' id='word_1_70' title='bbox 1225 1371 1272 1437; x_wconf 88' lang='lat' dir='ltr'><strong>fa·</strong></span> 
     </span>
     <span class='ocr_line' id='line_1_11' title="bbox 11 1476 1266 1566; baseline -0.006 -19"><span class='ocrx_word' id='word_1_71' title='bbox 11 1489 12 1492; x_wconf 76' lang='grc'>’</span> <span class='ocrx_word' id='word_1_72' title='bbox 138 1482 273 1547; x_wconf 87' lang='lat' dir='ltr'><strong>olemus.</strong></span> <span class='ocrx_word' id='word_1_73' title='bbox 293 1482 413 1546; x_wconf 85' lang='lat' dir='ltr'><strong>Datum</strong></span> <span class='ocrx_word' id='word_1_74' title='bbox 432 1480 522 1548; x_wconf 81' lang='lat' dir='ltr'><strong>iuxta</strong></span> <span class='ocrx_word' id='word_1_75' title='bbox 541 1486 673 1566; x_wconf 87' lang='lat' dir='ltr'><strong>pontem</strong></span> <span class='ocrx_word' id='word_1_76' title='bbox 693 1477 809 1546; x_wconf 83' lang='lat' dir='ltr'><strong>Abada</strong></span> <span class='ocrx_word' id='word_1_77' title='bbox 829 1481 863 1546; x_wconf 92' lang='lat' dir='ltr'><strong>in</strong></span> <span class='ocrx_word' id='word_1_78' title='bbox 887 1481 1028 1547; x_wconf 87' lang='lat' dir='ltr'><strong>crastino</strong></span> <span class='ocrx_word' id='word_1_79' title='bbox 1044 1480 1146 1546; x_wconf 83' lang='lat' dir='ltr'><strong>Beate</strong></span> <span class='ocrx_word' id='word_1_80' title='bbox 1162 1476 1266 1560; x_wconf 89' lang='lat' dir='ltr'><strong>Virgi-</strong></span> 
     </span>
     <span class='ocr_line' id='line_1_12' title="bbox 10 1587 1146 1696; baseline -0.004 -40"><span class='ocrx_word' id='word_1_81' title='bbox 10 1649 11 1656; x_wconf 74' lang='grc'>,</span> <span class='ocrx_word' id='word_1_82' title='bbox 139 1590 194 1656; x_wconf 90' lang='lat' dir='ltr'><strong>nis</strong></span> <span class='ocrx_word' id='word_1_83' title='bbox 210 1589 406 1676; x_wconf 84' lang='lat' dir='ltr'><strong>Margarete,</strong></span> <span class='ocrx_word' id='word_1_84' title='bbox 433 1608 519 1655; x_wconf 86' lang='lat' dir='ltr'><strong>anno</strong></span> <span class='ocrx_word' id='word_1_85' title='bbox 535 1587 664 1654; x_wconf 89' lang='lat' dir='ltr'><strong>Domini</strong></span> <span class='ocrx_word' id='word_1_86' title='bbox 684 1587 799 1654; x_wconf 59' lang='grc' dir='ltr'><strong>ΜῦΟΟο</strong></span> <span class='ocrx_word' id='word_1_87' title='bbox 808 1587 1018 1672; x_wconf 86' lang='lat' dir='ltr'><strong>nonagesimo</strong></span> <span class='ocrx_word' id='word_1_88' title='bbox 1035 1587 1146 1696; x_wconf 84' lang='lat' dir='ltr'><strong>primo.</strong></span> 
     </span>
    </p>
   </div>
   <div class='ocr_carea' id='block_1_4' title="bbox 138 1768 1269 1946">
    <p class='ocr_par' dir='ltr' id='par_1_5' title="bbox 138 1768 1269 1946">
     <span class='ocr_line' id='line_1_13' title="bbox 138 1768 1269 1854; baseline -0.004 -16"><span class='ocrx_word' id='word_1_89' title='bbox 138 1787 278 1850; x_wconf 79' lang='lat' dir='ltr'><strong>(Ereietic</strong></span> <span class='ocrx_word' id='word_1_90' title='bbox 290 1783 466 1852; x_wconf 72' lang='lat' dir='ltr'><strong>biirhirtyin,</strong></span> <span class='ocrx_word' id='word_1_91' title='bbox 481 1803 498 1837; x_wconf 83' lang='lat' dir='ltr'><strong>a</strong></span> <span class='ocrx_word' id='word_1_92' title='bbox 512 1783 587 1838; x_wconf 72' lang='lat' dir='ltr'><strong>heroi</strong></span> <span class='ocrx_word' id='word_1_93' title='bbox 601 1789 651 1840; x_wconf 85' lang='lat' dir='ltr'><strong>orla</strong></span> <span class='ocrx_word' id='word_1_94' title='bbox 665 1768 791 1852; x_wconf 74' lang='lat' dir='ltr'><strong>nyomott</strong></span> <span class='ocrx_word' id='word_1_95' title='bbox 803 1785 897 1854; x_wconf 70' lang='lat' dir='ltr'><strong>peccet</strong></span> <span class='ocrx_word' id='word_1_96' title='bbox 910 1785 1058 1850; x_wconf 78' lang='lat' dir='ltr'><strong>eiussaett3</strong></span> <span class='ocrx_word' id='word_1_97' title='bbox 1072 1801 1089 1836; x_wconf 80' lang='lat' dir='ltr'><strong>a</strong></span> <span class='ocrx_word' id='word_1_98' title='bbox 1114 1783 1195 1836; x_wconf 75' lang='lat' dir='ltr'><strong>buisi</strong></span> <span class='ocrx_word' id='word_1_99' title='bbox 1218 1785 1269 1835; x_wconf 86' lang='lat' dir='ltr'><strong>kir.</strong></span> 
     </span>
     <span class='ocr_line' id='line_1_14' title="bbox 547 1873 877 1946; baseline 0.009 -19"><span class='ocrx_word' id='word_1_100' title='bbox 547 1878 672 1928; x_wconf 76' lang='lat' dir='ltr'><strong>inmersi</strong></span> <span class='ocrx_word' id='word_1_101' title='bbox 684 1873 877 1946; x_wconf 71' lang='lat' dir='ltr'><strong>revertisses.)</strong></span> 
     </span>
    </p>
   </div>
   <div class='ocr_carea' id='block_1_5' title="bbox 605 2165 817 2178">
    <p class='ocr_par' dir='ltr' id='par_1_6' title="bbox 605 2165 817 2178">
     <span class='ocr_line' id='line_1_15' title="bbox 605 2165 817 2178; baseline -0.014 0"><span class='ocrx_word' id='word_1_102' title='bbox 605 2165 817 2178; x_wconf 68' lang='lat' dir='ltr'><strong>-n—--u--n</strong></span> 
     </span>
    </p>
   </div>
   <div class='ocr_carea' id='block_1_6' title="bbox 676 2699 730 2766">
    <p class='ocr_par' dir='ltr' id='par_1_7' title="bbox 676 2699 730 2766">
     <span class='ocr_line' id='line_1_16' title="bbox 676 2699 730 2766; baseline -0.037 0"><span class='ocrx_word' id='word_1_103' title='bbox 676 2699 730 2766; x_wconf 78' lang='lat'><strong>25.</strong></span> 
     </span>
    </p>
   </div>
   <div class='ocr_carea' id='block_1_7' title="bbox 146 2895 1321 3070">
    <p class='ocr_par' dir='ltr' id='par_1_8' title="bbox 146 2895 1321 3070">
     <span class='ocr_line' id='line_1_17' title="bbox 146 2895 1321 2984; baseline 0.001 -23"><span class='ocrx_word' id='word_1_104' title='bbox 146 2897 212 2962; x_wconf 88' lang='lat' dir='ltr'><strong><em>III.</em></strong></span> <span class='ocrx_word' id='word_1_105' title='bbox 229 2896 341 2961; x_wconf 79' lang='lat' dir='ltr'><strong>Eodre</strong></span> <span class='ocrx_word' id='word_1_106' title='bbox 357 2895 451 2982; x_wconf 69' lang='lat' dir='ltr'><strong>Petp</strong></span> <span class='ocrx_word' id='word_1_107' title='bbox 470 2897 601 2961; x_wconf 80' lang='lat' dir='ltr'><strong>Tcmdct</strong></span> <span class='ocrx_word' id='word_1_108' title='bbox 616 2899 795 2982; x_wconf 74' lang='lat' dir='ltr'><strong>mepcrrieiti</strong></span> <span class='ocrx_word' id='word_1_109' title='bbox 814 2896 985 2981; x_wconf 71' lang='lat' dir='ltr'><strong>Merpcats</strong></span> <span class='ocrx_word' id='word_1_110' title='bbox 1009 2897 1085 2963; x_wconf 76' lang='lat' dir='ltr'><strong>Reti</strong></span> <span class='ocrx_word' id='word_1_111' title='bbox 1098 2895 1271 2984; x_wconf 63' lang='lat' dir='ltr'><strong>jocatio-</strong></span> <span class='ocrx_word' id='word_1_112' title='bbox 1319 2961 1321 2971; x_wconf 75' lang='grc'>,</span> 
     </span>
     <span class='ocr_line' id='line_1_18' title="bbox 580 3005 843 3070; baseline 0.008 -3"><span class='ocrx_word' id='word_1_113' title='bbox 580 3005 728 3068; x_wconf 75' lang='lat' dir='ltr'><strong>tckdbam</strong></span> <span class='ocrx_word' id='word_1_114' title='bbox 746 3005 843 3070; x_wconf 84' lang='lat'><em>1291.</em></span> 
     </span>
    </p>
   </div>
   <div class='ocr_carea' id='block_1_8' title="bbox 145 3195 1276 3830">
    <p class='ocr_par' dir='ltr' id='par_1_9' title="bbox 145 3195 1276 3830">
     <span class='ocr_line' id='line_1_19' title="bbox 253 3195 1272 3284; baseline -0.001 -19"><span class='ocrx_word' id='word_1_115' title='bbox 253 3200 323 3265; x_wconf 88' lang='lat' dir='ltr'><strong>Nos</strong></span> <span class='ocrx_word' id='word_1_116' title='bbox 339 3197 488 3266; x_wconf 82' lang='lat' dir='ltr'><strong>Andreas</strong></span> <span class='ocrx_word' id='word_1_117' title='bbox 503 3195 564 3265; x_wconf 90' lang='lat' dir='ltr'><strong>Dei</strong></span> <span class='ocrx_word' id='word_1_118' title='bbox 582 3197 695 3282; x_wconf 85' lang='lat' dir='ltr'><strong>gracia</strong></span> <span class='ocrx_word' id='word_1_119' title='bbox 709 3201 777 3266; x_wconf 86' lang='lat' dir='ltr'><strong>Rex</strong></span> <span class='ocrx_word' id='word_1_120' title='bbox 794 3200 936 3284; x_wconf 87' lang='lat' dir='ltr'><strong>Vngarie</strong></span> <span class='ocrx_word' id='word_1_121' title='bbox 951 3199 1105 3268; x_wconf 90' lang='lat' dir='ltr'><strong>memorie</strong></span> <span class='ocrx_word' id='word_1_122' title='bbox 1115 3217 1272 3268; x_wconf 90' lang='lat' dir='ltr'><strong>commen-</strong></span> 
     </span>
     <span class='ocr_line' id='line_1_20' title="bbox 147 3305 1271 3393; baseline 0.001 -23"><span class='ocrx_word' id='word_1_123' title='bbox 147 3305 266 3374; x_wconf 88' lang='lat' dir='ltr'><strong>dantes</strong></span> <span class='ocrx_word' id='word_1_124' title='bbox 301 3307 522 3391; x_wconf 83' lang='lat' dir='ltr'><strong>significamus</strong></span> <span class='ocrx_word' id='word_1_125' title='bbox 557 3305 716 3373; x_wconf 79' lang='lat' dir='ltr'><strong>uniuersis</strong></span> <span class='ocrx_word' id='word_1_126' title='bbox 758 3307 873 3390; x_wconf 88' lang='lat' dir='ltr'><strong>quibus</strong></span> <span class='ocrx_word' id='word_1_127' title='bbox 906 3308 1039 3392; x_wconf 85' lang='lat' dir='ltr'><strong>expedit</strong></span> <span class='ocrx_word' id='word_1_128' title='bbox 1068 3307 1271 3393; x_wconf 88' lang='lat' dir='ltr'><strong>presencium</strong></span> 
     </span>
     <span class='ocr_line' id='line_1_21' title="bbox 145 3416 1272 3500; baseline 0.004 -22"><span class='ocrx_word' id='word_1_129' title='bbox 145 3431 205 3498; x_wconf 89' lang='lat' dir='ltr'><strong>per</strong></span> <span class='ocrx_word' id='word_1_130' title='bbox 221 3421 363 3480; x_wconf 89' lang='lat' dir='ltr'><strong>tenorem</strong></span> <span class='ocrx_word' id='word_1_131' title='bbox 381 3449 723 3464; x_wconf 79' lang='lat'>——————</span> <span class='ocrx_word' id='word_1_132' title='bbox 744 3417 932 3499; x_wconf 88' lang='lat' dir='ltr'><strong>Agasonum</strong></span> <span class='ocrx_word' id='word_1_133' title='bbox 948 3423 1129 3482; x_wconf 88' lang='lat' dir='ltr'><strong>nostrorum</strong></span> <span class='ocrx_word' id='word_1_134' title='bbox 1145 3416 1272 3500; x_wconf 85' lang='lat' dir='ltr'><strong>Merges</strong></span> 
     </span>
     <span class='ocr_line' id='line_1_22' title="bbox 147 3521 1274 3607; baseline 0.005 -22"><span class='ocrx_word' id='word_1_135' title='bbox 147 3527 301 3588; x_wconf 85' lang='lat' dir='ltr'><strong>uocatam</strong></span> <span class='ocrx_word' id='word_1_136' title='bbox 318 3524 414 3588; x_wconf 86' lang='lat' dir='ltr'><strong>sitam</strong></span> <span class='ocrx_word' id='word_1_137' title='bbox 430 3521 521 3590; x_wconf 84' lang='lat' dir='ltr'><strong>iuxta</strong></span> <span class='ocrx_word' id='word_1_138' title='bbox 537 3522 682 3607; x_wconf 85' lang='lat' dir='ltr'><strong>Rabam,</strong></span> <span class='ocrx_word' id='word_1_139' title='bbox 699 3525 776 3592; x_wconf 89' lang='lat' dir='ltr'><strong>item</strong></span> <span class='ocrx_word' id='word_1_140' title='bbox 803 3523 901 3592; x_wconf 83' lang='lat' dir='ltr'><strong>aliam</strong></span> <span class='ocrx_word' id='word_1_141' title='bbox 927 3532 1044 3591; x_wconf 85' lang='lat' dir='ltr'><strong>terram</strong></span> <span class='ocrx_word' id='word_1_142' title='bbox 1069 3523 1274 3592; x_wconf 81' lang='lat' dir='ltr'><strong>Tawasnico·</strong></span> 
     </span>
     <span class='ocr_line' id='line_1_23' title="bbox 146 3631 1276 3720; baseline 0.005 -25"><span class='ocrx_word' id='word_1_143' title='bbox 146 3650 217 3696; x_wconf 90' lang='lat' dir='ltr'><strong>rum</strong></span> <span class='ocrx_word' id='word_1_144' title='bbox 233 3637 424 3718; x_wconf 90' lang='lat' dir='ltr'><strong>nostrorum,</strong></span> <span class='ocrx_word' id='word_1_145' title='bbox 442 3631 530 3718; x_wconf 87' lang='lat' dir='ltr'><strong>Ryty</strong></span> <span class='ocrx_word' id='word_1_146' title='bbox 547 3641 694 3701; x_wconf 86' lang='lat' dir='ltr'><strong>uocatam</strong></span> <span class='ocrx_word' id='word_1_147' title='bbox 710 3635 806 3702; x_wconf 85' lang='lat' dir='ltr'><strong>sitam</strong></span> <span class='ocrx_word' id='word_1_148' title='bbox 831 3635 923 3700; x_wconf 84' lang='lat' dir='ltr'><strong>iuxta</strong></span> <span class='ocrx_word' id='word_1_149' title='bbox 947 3633 1091 3720; x_wconf 88' lang='lat' dir='ltr'><strong>Rabclra,</strong></span> <span class='ocrx_word' id='word_1_150' title='bbox 1117 3633 1149 3698; x_wconf 92' lang='lat' dir='ltr'><strong>in</strong></span> <span class='ocrx_word' id='word_1_151' title='bbox 1174 3631 1276 3701; x_wconf 80' lang='lat' dir='ltr'><strong>(lomi-</strong></span> 
     </span>
     <span class='ocr_line' id='line_1_24' title="bbox 145 3740 1275 3830; baseline 0.002 -24"><span class='ocrx_word' id='word_1_152' title='bbox 145 3745 217 3806; x_wconf 86' lang='lat' dir='ltr'><strong>tatn</strong></span> <span class='ocrx_word' id='word_1_153' title='bbox 235 3740 398 3807; x_wconf 88' lang='lat' dir='ltr'><strong>Jauriensi</strong></span> <span class='ocrx_word' id='word_1_154' title='bbox 417 3743 605 3830; x_wconf 86' lang='lat' dir='ltr'><strong>existentes,</strong></span> <span class='ocrx_word' id='word_1_155' title='bbox 631 3764 712 3828; x_wconf 85' lang='lat' dir='ltr'><strong>quas</strong></span> <span class='ocrx_word' id='word_1_156' title='bbox 729 3743 885 3826; x_wconf 84' lang='lat' dir='ltr'><strong>Magister</strong></span> <span class='ocrx_word' id='word_1_157' title='bbox 902 3742 1045 3810; x_wconf 80' lang='lat' dir='ltr'><strong>Thomas</strong></span> <span class='ocrx_word' id='word_1_158' title='bbox 1061 3742 1102 3808; x_wconf 91' lang='lat' dir='ltr'><strong>de</strong></span> <span class='ocrx_word' id='word_1_159' title='bbox 1119 3741 1191 3808; x_wconf 69' lang='lat' dir='ltr'><strong>Pulc</strong></span> <span class='ocrx_word' id='word_1_160' title='bbox 1216 3763 1275 3829; x_wconf 88' lang='lat' dir='ltr'><strong>per</strong></span> 
     </span>
    </p>
   </div>
   <div class='ocr_carea' id='block_1_9' title="bbox 10 3829 1274 3935">
    <p class='ocr_par' dir='ltr' id='par_1_10' title="bbox 10 3829 1274 3935">
     <span class='ocr_line' id='line_1_25' title="bbox 10 3829 1274 3935; baseline 0.002 -24"><span class='ocrx_word' id='word_1_161' title='bbox 10 3829 12 3852; x_wconf 72' lang='lat'><em>³</em></span> <span class='ocrx_word' id='word_1_162' title='bbox 145 3846 316 3913; x_wconf 86' lang='lat' dir='ltr'><strong>dominum</strong></span> <span class='ocrx_word' id='word_1_163' title='bbox 332 3847 521 3916; x_wconf 84' lang='lat' dir='ltr'><strong>Ladizloum</strong></span> <span class='ocrx_word' id='word_1_164' title='bbox 537 3850 697 3918; x_wconf 87' lang='lat' dir='ltr'><strong>illustrem</strong></span> <span class='ocrx_word' id='word_1_165' title='bbox 712 3853 834 3935; x_wconf 83' lang='lat' dir='ltr'><strong>Regem</strong></span> <span class='ocrx_word' id='word_1_166' title='bbox 849 3849 994 3935; x_wconf 86' lang='lat' dir='ltr'><strong>Vngarie</strong></span> <span class='ocrx_word' id='word_1_167' title='bbox 1011 3851 1095 3916; x_wconf 92' lang='lat' dir='ltr'><strong>bone</strong></span> <span class='ocrx_word' id='word_1_168' title='bbox 1111 3849 1274 3935; x_wconf 89' lang='lat' dir='ltr'><strong>memorie,</strong></span> 
     </span>
    </p>
   </div>
   <div class='ocr_carea' id='block_1_10' title="bbox 145 3953 1276 4045">
    <p class='ocr_par' dir='ltr' id='par_1_11' title="bbox 145 3953 1276 4045">
     <span class='ocr_line' id='line_1_26' title="bbox 145 3953 1276 4045; baseline 0.001 -26"><span class='ocrx_word' id='word_1_169' title='bbox 145 3954 281 4020; x_wconf 86' lang='lat' dir='ltr'><strong>fratrem</strong></span> <span class='ocrx_word' id='word_1_170' title='bbox 298 3961 443 4023; x_wconf 88' lang='lat' dir='ltr'><strong>nostrum</strong></span> <span class='ocrx_word' id='word_1_171' title='bbox 474 3957 687 4026; x_wconf 88' lang='lat' dir='ltr'><strong>karissimum</strong></span> <span class='ocrx_word' id='word_1_172' title='bbox 713 3959 905 4045; x_wconf 86' lang='lat' dir='ltr'><strong>patruelem,</strong></span> <span class='ocrx_word' id='word_1_173' title='bbox 922 3957 985 4027; x_wconf 87' lang='lat' dir='ltr'><strong>sibi</strong></span> <span class='ocrx_word' id='word_1_174' title='bbox 1002 3957 1140 4024; x_wconf 87' lang='lat' dir='ltr'><strong>donatas</strong></span> <span class='ocrx_word' id='word_1_175' title='bbox 1156 3964 1188 4022; x_wconf 88' lang='lat' dir='ltr'><strong>et</strong></span> <span class='ocrx_word' id='word_1_176' title='bbox 1212 3953 1276 4021; x_wconf 87' lang='lat' dir='ltr'><strong>&#39;ool-</strong></span> 
     </span>
    </p>
   </div>
   <div class='ocr_carea' id='block_1_11' title="bbox 10 4061 1349 4367">
    <p class='ocr_par' dir='ltr' id='par_1_12' title="bbox 10 4061 1349 4367">
     <span class='ocr_line' id='line_1_27' title="bbox 10 4061 1276 4150; baseline -0.001 -22"><span class='ocrx_word' id='word_1_177' title='bbox 10 4097 12 4102; x_wconf 89' lang='lat'><em>·</em></span> <span class='ocrx_word' id='word_1_178' title='bbox 143 4061 233 4130; x_wconf 85' lang='lat' dir='ltr'><strong>latos</strong></span> <span class='ocrx_word' id='word_1_179' title='bbox 248 4081 322 4132; x_wconf 87' lang='lat' dir='ltr'><strong>esse</strong></span> <span class='ocrx_word' id='word_1_180' title='bbox 337 4063 414 4131; x_wconf 85' lang='lat' dir='ltr'><strong>dicit</strong></span> <span class='ocrx_word' id='word_1_181' title='bbox 422 4085 480 4149; x_wconf 91' lang='lat' dir='ltr'><strong>pro</strong></span> <span class='ocrx_word' id='word_1_182' title='bbox 491 4067 557 4132; x_wconf 87' lang='lat' dir='ltr'><strong>sois</strong></span> <span class='ocrx_word' id='word_1_183' title='bbox 567 4065 779 4132; x_wconf 87' lang='lat' dir='ltr'><strong>fidelitatibus</strong></span> <span class='ocrx_word' id='word_1_184' title='bbox 790 4072 821 4131; x_wconf 89' lang='lat' dir='ltr'><strong>et</strong></span> <span class='ocrx_word' id='word_1_185' title='bbox 837 4064 987 4148; x_wconf 77' lang='lat' dir='ltr'><strong>seroioiJs</strong></span> <span class='ocrx_word' id='word_1_186' title='bbox 1003 4064 1186 4150; x_wconf 89' lang='lat' dir='ltr'><strong>meritorijs,</strong></span> <span class='ocrx_word' id='word_1_187' title='bbox 1203 4062 1276 4129; x_wconf 90' lang='lat' dir='ltr'><strong>rcli·</strong></span> 
     </span>
     <span class='ocr_line' id='line_1_28' title="bbox 10 4171 1276 4260; baseline -0.002 -19"><span class='ocrx_word' id='word_1_188' title='bbox 10 4239 12 4252; x_wconf 85' lang='grc'>,</span> <span class='ocrx_word' id='word_1_189' title='bbox 143 4174 275 4260; x_wconf 85' lang='lat' dir='ltr'><strong>quimus</strong></span> <span class='ocrx_word' id='word_1_190' title='bbox 291 4178 324 4238; x_wconf 91' lang='lat' dir='ltr'><strong>et</strong></span> <span class='ocrx_word' id='word_1_191' title='bbox 333 4193 393 4240; x_wconf 90' lang='lat' dir='ltr'><strong>nos</strong></span> <span class='ocrx_word' id='word_1_192' title='bbox 410 4173 513 4240; x_wconf 89' lang='lat' dir='ltr'><strong>eidem</strong></span> <span class='ocrx_word' id='word_1_193' title='bbox 528 4173 909 4260; x_wconf 82' lang='lat' dir='ltr'><strong>habendas,tenendas,et</strong></span> <span class='ocrx_word' id='word_1_194' title='bbox 925 4173 1048 4258; x_wconf 87' lang='lat' dir='ltr'><strong>pariter</strong></span> <span class='ocrx_word' id='word_1_195' title='bbox 1058 4171 1276 4258; x_wconf 85' lang='lat' dir='ltr'><strong>possidendas</strong></span> 
     </span>
     <span class='ocr_line' id='line_1_29' title="bbox 10 4279 1349 4367; baseline -0.007 -15"><span class='ocrx_word' id='word_1_196' title='bbox 10 4279 12 4366; x_wconf 69' lang='grc' dir='ltr'>ἶ</span> <span class='ocrx_word' id='word_1_197' title='bbox 144 4282 216 4351; x_wconf 89' lang='lat' dir='ltr'><strong>sine</strong></span> <span class='ocrx_word' id='word_1_198' title='bbox 225 4281 309 4348; x_wconf 91' lang='lat' dir='ltr'><strong>iuris</strong></span> <span class='ocrx_word' id='word_1_199' title='bbox 325 4280 503 4366; x_wconf 87' lang='lat' dir='ltr'><strong>preludicio</strong></span> <span class='ocrx_word' id='word_1_200' title='bbox 520 4283 628 4366; x_wconf 87' lang='lat' dir='ltr'><strong>alieni,</strong></span> <span class='ocrx_word' id='word_1_201' title='bbox 639 4303 698 4367; x_wconf 93' lang='lat' dir='ltr'><strong>pro</strong></span> <span class='ocrx_word' id='word_1_202' title='bbox 718 4281 867 4350; x_wconf 84' lang='lat' dir='ltr'><strong>fidelibus</strong></span> <span class='ocrx_word' id='word_1_203' title='bbox 883 4279 1107 4365; x_wconf 88' lang='lat' dir='ltr'><strong>seruioijssuis</strong></span> <span class='ocrx_word' id='word_1_204' title='bbox 1130 4280 1225 4347; x_wconf 89' lang='lat' dir='ltr'><strong>nobis</strong></span> <span class='ocrx_word' id='word_1_205' title='bbox 1241 4279 1275 4343; x_wconf 92' lang='lat' dir='ltr'><strong>in</strong></span> <span class='ocrx_word' id='word_1_206' title='bbox 1348 4323 1349 4328; x_wconf 18' lang='grc' dir='ltr'>η</span> 
     </span>
    </p>
   </div>
   <div class='ocr_carea' id='block_1_12' title="bbox 145 4388 1280 4788">
    <p class='ocr_par' dir='ltr' id='par_1_13' title="bbox 146 4388 1279 4476">
     <span class='ocr_line' id='line_1_30' title="bbox 146 4388 1279 4476; baseline -0.005 -18"><span class='ocrx_word' id='word_1_207' title='bbox 146 4390 295 4458; x_wconf 85' lang='lat' dir='ltr'><strong>exercitu</strong></span> <span class='ocrx_word' id='word_1_208' title='bbox 312 4396 433 4475; x_wconf 86' lang='lat' dir='ltr'><strong>nostro,</strong></span> <span class='ocrx_word' id='word_1_209' title='bbox 452 4411 547 4476; x_wconf 85' lang='lat' dir='ltr'><strong>quem</strong></span> <span class='ocrx_word' id='word_1_210' title='bbox 565 4390 810 4458; x_wconf 88' lang='lat' dir='ltr'><strong>contraDucem</strong></span> <span class='ocrx_word' id='word_1_211' title='bbox 821 4389 952 4457; x_wconf 83' lang='lat' dir='ltr'><strong>Austrie</strong></span> <span class='ocrx_word' id='word_1_212' title='bbox 969 4395 1002 4455; x_wconf 88' lang='lat' dir='ltr'><strong>et</strong></span> <span class='ocrx_word' id='word_1_213' title='bbox 1018 4388 1124 4474; x_wconf 82' lang='lat' dir='ltr'><strong>Styrie</strong></span> <span class='ocrx_word' id='word_1_214' title='bbox 1140 4388 1279 4455; x_wconf 83' lang='lat' dir='ltr'><strong>habeba·</strong></span> 
     </span>
    </p>

    <p class='ocr_par' dir='ltr' id='par_1_14' title="bbox 145 4495 1276 4586">
     <span class='ocr_line' id='line_1_31' title="bbox 145 4495 1276 4586; baseline -0.005 -20"><span class='ocrx_word' id='word_1_215' title='bbox 145 4505 266 4586; x_wconf 65' lang='lat' dir='ltr'><strong>mosel</strong></span> <span class='ocrx_word' id='word_1_216' title='bbox 280 4517 340 4582; x_wconf 89' lang='lat' dir='ltr'><strong>pro</strong></span> <span class='ocrx_word' id='word_1_217' title='bbox 351 4505 451 4564; x_wconf 90' lang='lat' dir='ltr'><strong>morte</strong></span> <span class='ocrx_word' id='word_1_218' title='bbox 461 4499 600 4586; x_wconf 82' lang='lat' dir='ltr'><strong>Nicoicy</strong></span> <span class='ocrx_word' id='word_1_219' title='bbox 610 4496 722 4564; x_wconf 84' lang='lat' dir='ltr'><strong>fratris</strong></span> <span class='ocrx_word' id='word_1_220' title='bbox 738 4497 798 4585; x_wconf 88' lang='lat' dir='ltr'><strong>sui,</strong></span> <span class='ocrx_word' id='word_1_221' title='bbox 810 4497 864 4583; x_wconf 90' lang='lat' dir='ltr'><strong>qni</strong></span> <span class='ocrx_word' id='word_1_222' title='bbox 876 4497 909 4563; x_wconf 91' lang='lat' dir='ltr'><strong>in</strong></span> <span class='ocrx_word' id='word_1_223' title='bbox 920 4495 1167 4582; x_wconf 83' lang='lat' dir='ltr'><strong>expugnacione</strong></span> <span class='ocrx_word' id='word_1_224' title='bbox 1177 4496 1276 4564; x_wconf 79' lang='lat' dir='ltr'><strong>castri</strong></span> 
     </span>
    </p>

    <p class='ocr_par' dir='ltr' id='par_1_15' title="bbox 145 4603 1280 4788">
     <span class='ocr_line' id='line_1_32' title="bbox 145 4603 1280 4694; baseline -0.003 -21"><span class='ocrx_word' id='word_1_225' title='bbox 145 4607 230 4673; x_wconf 85' lang='lat' dir='ltr'><strong>Roro</strong></span> <span class='ocrx_word' id='word_1_226' title='bbox 248 4605 361 4672; x_wconf 84' lang='lat' dir='ltr'><strong>extitit</strong></span> <span class='ocrx_word' id='word_1_227' title='bbox 376 4606 602 4694; x_wconf 86' lang='lat' dir='ltr'><strong>interemptus.</strong></span> <span class='ocrx_word' id='word_1_228' title='bbox 634 4609 675 4676; x_wconf 82' lang='lat' dir='ltr'><strong>lit</strong></span> <span class='ocrx_word' id='word_1_229' title='bbox 691 4628 763 4674; x_wconf 90' lang='lat' dir='ltr'><strong>oum</strong></span> <span class='ocrx_word' id='word_1_230' title='bbox 781 4613 946 4694; x_wconf 83' lang='lat' dir='ltr'><strong>presentes</strong></span> <span class='ocrx_word' id='word_1_231' title='bbox 963 4603 1006 4672; x_wconf 85' lang='lat' dir='ltr'><strong>ad</strong></span> <span class='ocrx_word' id='word_1_232' title='bbox 1022 4625 1081 4672; x_wconf 89' lang='lat' dir='ltr'><strong>nos</strong></span> <span class='ocrx_word' id='word_1_233' title='bbox 1098 4604 1218 4672; x_wconf 85' lang='lat' dir='ltr'><strong>fuerint</strong></span> <span class='ocrx_word' id='word_1_234' title='bbox 1233 4625 1280 4670; x_wconf 89' lang='lat' dir='ltr'><strong>re·</strong></span> 
     </span>
     <span class='ocr_line' id='line_1_33' title="bbox 191 4709 1119 4788; baseline 0.012 -11"><span class='ocrx_word' id='word_1_235' title='bbox 191 4739 538 4780; x_wconf 62' lang='lat' dir='ltr'><strong>nemausensem-</strong></span> <span class='ocrx_word' id='word_1_236' title='bbox 556 4745 666 4783; x_wconf 53' lang='lat' dir='ltr'><strong>orrruorr.</strong></span> <span class='ocrx_word' id='word_1_237' title='bbox 699 4738 733 4782; x_wconf 77' lang='lat' dir='ltr'><strong>lt.</strong></span> <span class='ocrx_word' id='word_1_238' title='bbox 855 4709 875 4736; x_wconf 33' lang='grc' dir='ltr'>χ</span> <span class='ocrx_word' id='word_1_239' title='bbox 1099 4724 1119 4788; x_wconf 87' lang='grc'><strong>3</strong></span> 
     </span>
    </p>
   </div>
   <div class='ocr_carea' id='block_1_13' title="bbox 0 0 1624 5188">
    <p class='ocr_par' dir='ltr' id='par_1_16' title="bbox 0 0 1624 5188">
     <span class='ocr_line' id='line_1_34' title="bbox 0 0 1624 5188; baseline 0 0"><span class='ocrx_word' id='word_1_240' title='bbox 0 0 1624 5188; x_wconf 95' lang='lat' dir='ltr'><strong> </strong></span> 
     </span>
    </p>
   </div>
  </div>
 </body>
</html>
