3132 5192
922 344 966 412 98

875 432 1033 446 *Π-

392 535 469 600 mini
487 533 587 600 Deoia
604 535 782 603 existentes
798 535 832 603 in
849 539 950 623 ligno,
982 536 1035 604 vel
1051 535 1150 620 lignis
1165 534 1425 610 forinsecorum,
1450 549 1517 596 enm

391 642 537 727 personis
554 645 606 710 vel
621 644 717 710 robus
733 664 798 710 non
813 645 989 728 offendent,
1006 663 1067 712 nee
1082 644 1130 711 eis
1147 643 1288 710 inferent
1304 661 1370 710 neo
1397 637 1514 704 laeient

388 749 550 835 injuriam,
567 751 760 838 molestiam,
777 753 940 836 damnum,
957 752 1177 838 offensionem,
1193 753 1246 818 vel
1272 768 1460 834 gravamen
1484 749 1515 812 in

387 859 536 944 personis
553 861 605 927 vel
621 862 718 930 rebns
734 882 866 944 eorum;
883 862 1014 930 sedens
1030 880 1154 948 omnes,
1171 869 1203 927 et
1219 858 1374 943 singulos
1396 875 1514 938 eornm,

385 984 457 1032 enm
482 969 639 1053 personis,
664 970 756 1036 bonis
782 971 940 1055 omnibus,
966 976 998 1037 et
1022 972 1119 1038 rebus
1145 990 1256 1037 eorum
1281 976 1352 1034 tam
1380 967 1414 1030 in
1440 961 1514 1048 suis,

385 1093 482 1155 quam
498 1074 531 1140 in
557 1075 789 1143 lorinseoorum
805 1077 915 1162 ligno,
946 1079 999 1146 vel
1024 1078 1133 1162 lignis,
1151 1074 1317 1143 habebunt
1345 1073 1462 1141 salvos
1486 1080 1515 1135 ot

383 1198 523 1268 seenros,
538 1203 598 1250 nee
613 1184 746 1250 venient
761 1185 804 1251 ab
819 1186 958 1252 Anoona
973 1187 1061 1253 ultra
1075 1205 1190 1252 versus
1207 1182 1383 1266 Veneeias,
1411 1199 1472 1246 nee
1494 1199 1513 1244 ι

382 1285 458 1370 Hya
473 1308 584 1356 versus
602 1289 770 1377 Veneeias,
788 1293 852 1359 nisi
868 1301 957 1360 esset
973 1301 1104 1378 propter
1120 1291 1284 1358 sortunom
1299 1310 1362 1358 seu
1380 1287 1511 1358 austeri-

312 1440 317 1448 ·
381 1401 481 1460 tatem
496 1397 661 1482 temporis,
677 1400 710 1466 in
727 1419 789 1484 qno
806 1401 935 1485 quidem
952 1401 1115 1470 neminem
1131 1398 1308 1484 offendent,
1324 1405 1397 1464 tam
1415 1396 1510 1462 Vene-

381 1507 448 1567 tnm
463 1523 560 1587 qnam
576 1504 751 1593 forensem,
768 1508 827 1575 sed
844 1509 998 1576 redibunt
1014 1509 1103 1576 infra
1119 1507 1223 1574 dietos
1249 1507 1397 1574 oondnes
1419 1523 1511 1588 qnam

380 1608 481 1676 eieins
497 1619 655 1698 poterunt.
673 1615 823 1683 Ceterum
839 1618 866 1683 si
883 1615 1087 1700 eontingeret
1103 1615 1214 1698 aliquo
1232 1635 1322 1700 oasn,
1341 1611 1433 1696 quod
1457 1631 1510 1695 per

379 1714 500 1784 diotnm
516 1718 680 1788 dominnm
697 1721 853 1790 Comitem
870 1724 1057 1808 Georgium,
1084 1725 1137 1792 vel
1154 1743 1212 1808 per
1238 1722 1387 1804 aliquem
1413 1723 1507 1789 horni-

378 1843 450 1890 nem
466 1825 606 1914 Almisii,
622 1849 678 1896 seu
695 1831 913 1898 subiectorum
929 1851 1071 1917 snorum,
1088 1831 1219 1898 daretur
1235 1830 1395 1896 damnum
1414 1831 1506 1898 alieni

377 1929 510 2017 Veneto,
527 1935 680 2022 subjecto,
698 1938 785 2006 fideli
802 1959 860 2005 sen
876 1939 1070 2006 distrietuali
1087 1939 1165 2005 dieti
1193 1937 1318 2005 domini
1346 1941 1453 2006 Dneis
1478 1949 1505 2006 et

376 2035 560 2107 Communis
577 2042 810 2128 Veneeiarum;
828 2047 913 2130 quod
941 2047 1010 2131 ipse
1026 2044 1175 2112 dominus
1203 2046 1319 2113 Comes
1346 2044 1504 2128 Georgius

375 2148 524 2213 teneatur
540 2155 643 2215 totum
660 2150 814 2219 damnum
831 2155 1016 2239 emendare,
1033 2153 1086 2220 vel
1111 2153 1193 2218 dare
1218 2152 1306 2236 illos,
1334 2153 1394 2234 qui
1421 2153 1502 2218 dam·

375 2270 450 2317 nom
467 2254 635 2344 dederunt,
652 2259 685 2324 in
703 2262 852 2326 manibus
877 2260 955 2326 dieti
987 2259 1109 2326 domini
1141 2259 1242 2326 Duois
1276 2258 1502 2345 Veneeisrum,

374 2358 461 2426 intra
478 2362 577 2429 XXX
601 2365 672 2432 dies
697 2367 870 2454 proximos,
896 2375 1067 2454 postquam
1085 2375 1117 2433 et
1143 2368 1227 2433 sieut
1252 2386 1312 2452 per
1340 2367 1499 2433 dominnm

375 2467 495 2536 Duoem
528 2471 743 2540 Veneoiarum
773 2475 955 2562 predictum
987 2475 1087 2542 fuerit
1120 2475 1314 2558 requisitus;
1349 2474 1499 2540 redeunte

371 2574 461 2658 ligno
477 2577 562 2660 quod
578 2578 704 2649 dederit
719 2582 882 2666 damnum,
898 2583 932 2650 in
956 2583 1141 2666 Almisium,
1168 2583 1220 2649 vel
1246 2583 1432 2649 hominibus
1456 2582 1496 2666 ip·

372 2683 449 2771 sius,
465 2695 524 2754 aut
539 2689 752 2775 disearioatis‚
775 2699 828 2761 vel
846 2695 953 2761 missis
971 2695 1066 2762 rebus
1084 2695 1228 2777 aeoeptis
1256 2695 1291 2759 in
1318 2693 1494 2776 Almisinm,

371 2792 424 2858 vel
443 2793 587 2864 interris
604 2799 829 2885 fidejussorum
856 2803 907 2868 uel
934 2802 1158 2868 Communium
1185 2800 1271 2867 infra
1296 2802 1495 2886 scriptorum,

370 2901 422 2966 vel
453 2901 486 2965 in
519 2905 612 2971 terris
640 2906 715 2973 aliis
742 2908 897 2991 subjectis
924 2909 1067 2994 prodieto
1094 2907 1211 2975 Comiti
1251 2908 1398 2992 Georgio
1424 2928 1493 2991 quo·

368 3027 503 3092 eumque
520 3013 614 3078 modo
629 3037 636 3096 ;
653 3015 799 3097 alioquin
814 3018 857 3081 ab
874 3017 984 3082 ultimo
1003 2997 1056 3082 die
1081 3017 1225 3099 ipsorum
1251 3015 1348 3080 XXX
1378 3015 1493 3082 dierum

368 3116 402 3180 in
418 3125 515 3185 antea
530 3118 628 3189 eadat
643 3120 686 3186 ad
702 3143 820 3207 penam
838 3123 1089 3209 infrascriptam,
1108 3122 1383 3191 'etuiolrilominns
1394 3131 1491 3190 teneo·

368 3227 418 3290 ιιι
433 3227 586 3294 damnum
604 3230 729 3312 integre
755 3231 928 3298 emendare
944 3240 976 3298 et
1001 3233 1190 3313 restituere;
1219 3237 1251 3295 et
1276 3233 1305 3296 si
1332 3231 1489 3298 aoeideret

365 3333 452 3415 quood
468 3334 530 3421 illi,
545 3335 601 3417 qui
617 3336 834 3404 commiserint
857 3340 909 3406 vel
935 3338 1086 3406 dederint
1102 3337 1256 3404 damnum
1273 3358 1339 3405 non
1365 3341 1489 3423 possent

364 3439 492 3508 solvere
506 3441 559 3506 rel
577 3441 756 3526 restituere,
774 3444 860 3525 quod
877 3451 1082 3529 aeeepernnt,
1097 3441 1186 3510 datis
1202 3443 1285 3526 ipsis
1311 3443 1489 3511 hominibus

362 3545 395 3608 in
411 3565 526 3615 manus
541 3547 618 3617 dieti
636 3550 756 3619 domini
773 3553 884 3637 Duois,
902 3553 1056 3620 liberetur
1074 3551 1238 3637 predictus
1256 3550 1407 3620 dominus
1435 3549 1487 3615 Cu·

363 3671 431 3717 mes
447 3655 606 3741 Georgius
622 3680 643 3725 a
659 3659 779 3726 damno
796 3659 876 3726 datu
904 3670 935 3727 et
961 3681 1057 3746 pena.
1084 3663 1223 3746 Insuper
1248 3661 1414 3745 predictus
1439 3658 1476 3722 do

362 3761 470 3829 minus
487 3763 648 3850 Georgius
664 3769 779 3835 Gomes
795 3788 853 3853 per
869 3789 914 3852 se,
931 3777 962 3836 et
979 3788 1064 3854 suros,
1081 3777 1113 3834 et
1129 3769 1261 3836 nomine
1278 3769 1441 3839 hominum
1458 3771 1485 3830 et

361 3871 517 3938 Comunis
532 3873 670 3958 Almisij,
680 3883 716 3942 ut
725 3875 904 3961 predictum
917 3885 975 3961 est,
981 3877 1107 3961 juravit
1118 3877 1162 3943 ad
1172 3879 1295 3944 Saneta
1307 3877 1373 3944 Dei
1390 3878 1484 3941 Eran-

366 3979 455 4061 gelia
471 3981 681 4066 eorporaliter
696 3989 784 4048 tuoto
810 3983 892 4050 libre
907 3985 940 4050 in
957 3985 1100 4052 animam
1126 4005 1218 4050 suram
1236 3991 1268 4050 et
1293 4005 1431 4066 suorum,
1455 3987 1482 4044 el

362 4083 526 4154 hominnm
548 4089 765 4174 prediotorum
777 4089 920 4176 Almisij,
939 4091 1117 4172 attendero,
1145 4093 1325 4161 obseruare
1340 4099 1374 4158 et
1390 4088 1480 4156 adim·

363 4196 462 4280 plere,
482 4217 521 4264 ao
537 4197 662 4265 attendi
679 4204 710 4264 et
736 4199 906 4264 obseruari
933 4205 966 4264 et
981 4199 1152 4284 adimpleri
1186 4197 1296 4266 faeere
1320 4199 1430 4265 omnia
1453 4201 1480 4259 et

357 4303 489 4388 singola
505 4307 736 4391 supraseripta,
748 4311 780 4371 et
791 4327 857 4373 non
875 4305 1107 4393 eontralaeere,
1120 4307 1172 4374 vel
1184 4309 1296 4384 venire
1308 4327 1367 4392 per
1382 4326 1426 4390 se,
1435 4300 1478 4366 vel

356 4431 415 4496 per
429 4412 523 4500 alios,
540 4413 654 4497 aliqua
669 4413 811 4494 raeione,
838 4414 980 4499 ingenio,
1006 4414 1077 4480 sive
1103 4435 1204 4483 eausa
1229 4417 1291 4482 sub
1318 4433 1407 4500 pena
1428 4407 1477 4476 lib·

355 4523 416 4589 XV
443 4521 579 4588 millium
616 4520 823 4588 denariorum
850 4519 1043 4586 Venetorum
1073 4542 1259 4607 parvorum,
1287 4541 1354 4606 qua
1381 4518 1475 4588 soluta

355 4629 560 4716 fidejussores
578 4627 778 4715 infrascripti
792 4631 859 4696 sint
877 4627 1029 4696 absoluti.
1048 4630 1088 4696 Et
1105 4630 1165 4696 hoo
1192 4631 1270 4698 dnm
1299 4639 1387 4699 terra
1412 4645 1475 4715 pre·
