3132 5192
59 1151 88 1206 A
102 1141 208 1208 indui
231 1143 455 1230 lcptalannal
469 1145 745 1232 lizonysuplsaetu
772 1147 857 1236 kopp
884 1145 1031 1234 Assyrani
1048 1149 1141 1213 Pc'ter
1156 1151 1187 1214 ts

59 1250 208 1314 tealoe'rci
223 1253 313 1316 όυάει
329 1252 419 1316 tettele
434 1273 515 1314 uzon
540 1253 691 1338 incapaces·
706 1254 790 1319 ciltul
805 1255 956 1320 eszktzolt
972 1256 1082 1321 elutius
1098 1257 1187 1338 allen,

58 1357 203 1442 mclylycl
220 1357 391 1422 Harmueit
408 1359 439 1423 ta
456 1357 563 1424 Lelesa
580 1369 663 1424 acolt
672 1359 880 1444 joszctpul'kut
891 1361 1026 1426 Lordnd
1040 1373 1188 1430 mosterrc

464 1463 666 1530 cunaldensi.
682 1465 781 1530 1294.

163 1657 234 1727 Nos
250 1657 438 1743 Capitulum
458 1655 616 1728 Budensis
636 1659 782 1729 Ecclesie
810 1660 926 1730 dumus
943 1681 1000 1749 pro
1018 1663 1183 1750 momoria,

56 1765 143 1850 quod
152 1765 410 1834 Martinusfilius
421 1767 509 1834 Petri
521 1767 562 1836 de
572 1769 685 1854 Asyau
697 1788 754 1854 pro
764 1788 809 1851 se,
822 1789 861 1835 ac
875 1771 978 1836 Karul
996 1777 1029 1836 et
1044 1769 1185 1838 Alexan·

55 1872 112 1940 dro
128 1871 284 1940 fratribus
300 1874 367 1942 suis
382 1875 426 1940 ad
441 1883 587 1942 nostram
622 1875 835 1963 personaliter
853 1874 1037 1944 accedendo
1055 1896 1183 1964 presen-

57 1979 140 2046 ciam
150 2031 159 2064 ,
177 1979 261 2049 dixit
277 1983 371 2050 nobis
388 1982 619 2068 protestando:
636 1983 724 2065 qnod
741 1984 897 2066 Magister
912 1984 1081 2052 Lorandus
1097 1985 1184 2053 lilius

57 2087 243 2170 Leustachij
261 2089 351 2175 ipsos
366 2089 558 2156 multociens
574 2088 716 2157 diuersis
732 2097 764 2156 ct
787 2090 921 2175 nefarijs
938 2092 1184 2174 grauuminibus

58 2196 282 2281 oppressisset,
299 2203 331 2262 et
347 2194 575 2281 potencialiter
605 2195 650 2262 ad
675 2197 737 2264 hoc
753 2197 983 2284 compulisset,
1000 2205 1035 2264 ut
1051 2217 1178 2284 posses·

56 2301 164 2370 aiones
197 2321 307 2368 eornm
326 2303 490 2371 Harmach
520 2313 552 2370 et
567 2304 663 2370 Lelez
696 2311 848 2389 uocatas,
881 2324 921 2370 ac
941 2303 1181 2374 dimidietatem

57 2408 221 2478 cniusdam
243 2396 459 2495 possessionis
475 2411 620 2498 ipsorum
641 2411 735 2479 Seleu
749 2419 945 2497 nuncupate,
971 2431 1028 2498 per
1042 2413 1181 2482 eundem

56 2517 244 2602 llagistrum
269 2517 456 2586 Loraudnm
483 2519 605 2605 captiui
631 2518 718 2586 ducti
744 2519 787 2586 ad
813 2519 998 2604 Capitulum
1019 2521 1179 2605 Agriense

57 2624 192 2696 confessi
208 2625 348 2694 inissent
364 2626 468 2694 eidem
478 2629 631 2710 Magistro
643 2625 792 2696 Iornudo
813 2625 1007 2711 uendidisse,
1026 2635 1058 2694 ct
1073 2627 1181 2697 littero

57 2732 196 2800 ciusdem
214 2733 358 2820 Capituli
374 2755 475 2820 snper
500 2735 574 2822 ipsa
591 2733 779 2803 condicione
806 2733 900 2802 modo
917 2735 1076 2820 promisso
1092 2736 1181 2806 sacta

57 2841 157 2908 sillem
174 2842 331 2926 Magistro
346 2842 501 2910 morando
518 2849 739 2910 emanassent.
770 2842 820 2908 Ne
846 2843 945 2928 igitur
962 2843 1048 2910 dicte
1072 2843 1179 2912 littere

56 2945 131 3032 ipsis
148 2950 259 3018 inuitis
275 2951 322 3018 sic
339 2959 490 3019 emanato
506 2951 568 3018 sibi
584 2948 785 3037 prciudicent
810 2949 998 3017 infuturum
1013 3001 1023 3037 ,
1051 2971 1179 3036 presen-

58 3063 102 3121 tes
117 3059 367 3142 protestacionis
385 3061 511 3128 litteras
527 3081 548 3126 a
565 3057 657 3124 uobis
673 3059 736 3125 sibi
762 3055 835 3124 dori
851 3057 1040 3142 postulauit.
1058 3057 1179 3124 Datum

57 3162 86 3230 in
101 3164 243 3233 crastino
268 3165 454 3236 festiuitatis
470 3167 684 3234 Pentecostos
704 3184 790 3232 anno
807 3163 935 3232 Domini
953 3162 1064 3232 ΜὋΟο
1081 3184 1179 3233 nona·

58 3273 177 3354 gesimo
203 3282 319 3360 quarto

159 3399 313 3469 Kivlll:
331 3401 530 3470 Protcstacio
547 3400 633 3470 lacta
644 3408 707 3489 'per
724 3399 909 3468 Martinam.

58 3594 191 3662 (Eredctis
208 3593 386 3664 btirhartytn,
400 3614 417 3650 a
430 3595 507 3652 hatul
520 3597 572 3650 oda
584 3605 708 3665 nyomott
720 3598 812 3667 pessit
824 3597 970 3663 ulrsssctt3
984 3612 1000 3650 a
1023 3594 1105 3648 buclai
1124 3597 1176 3652 isir.

453 3689 574 3740 hnmani
594 3685 785 3758 lsulirrirban.)

506 3987 719 4008 w
