3124 5194
860 357 927 422 204

810 445 955 455 ι...»-

323 549 561 634 qninquaginta
576 571 759 618 marcarum
774 551 849 638 ipsa
864 571 941 637 pars
956 552 1161 639 subyaceret.
1178 553 1299 618 Datum
1312 555 1441 639 septimo

323 655 377 725 die
392 663 579 726 ootauarnm
596 657 708 724 Sancti
733 657 866 725 Martini
890 679 978 724 anno
1004 658 1139 726 Momini
1164 657 1285 726 mcc·
1307 680 1434 746 nonage

323 763 406 832 simo
422 764 546 846 quinto.

323 925 358 990 (Δ
370 921 449 977 vieni
463 924 652 994 kbptaIannak
668 928 779 978 ttaski
791 925 948 992 itirattbbl,
961 928 1063 994 melyet
1075 929 1168 980 bouelt
1189 930 1246 980 tok.
1269 925 1443 993 Sasntlririlyi

797 1014 897 1070 Hulb
918 1015 971 1082 tir.)

779 1301 991 1314 *—

845 1721 919 1790 ltu.

320 1920 354 1987 A
368 1923 501 1988 oacodri
516 1920 677 2009 triptotam
690 1922 794 2006 ‹ttirjo
809 1923 913 1988 Jrinos
920 1972 932 2008 ,
949 1919 1078 2004 saproc
1093 1925 1125 1986 o'c
1148 1917 1211 1986 Vos
1227 1920 1356 2005 mepyeis
1362 1919 1452 2005 fiiis·

318 2031 493 2117 pciojcinole
508 2053 530 2094 a
545 2029 649 2094 Herio
665 2030 935 2117 nemaetoepbeliok
953 2031 1026 2095 lebat
1042 2030 1128 2093 vitria
1144 2025 1248 2114 Gdya
1255 2025 1367 2114 solele't
1381 2031 1454 2091 tcir-

621 2139 723 2224 qyazci
738 2137 1028 2225 tisosyrapteseles.
1046 2137 1143 2205 1295.

667 2305 696 2363 Α
881 2299 908 2364 Β
1092 2299 1118 2365 G

428 2443 497 2512 Nos
513 2445 668 2528 Magister
677 2449 718 2513 M.
728 2446 920 2533 Propositus
930 2452 963 2512 et
972 2447 1157 2532 Capitulum
1167 2443 1322 2544 ¹bleolesie
1338 2443 1451 2510 Sancti

320 2550 489 2620 Michaelis
505 2552 546 2620 de
562 2553 676 2620 Castro
694 2555 826 2640 Ferreo,
842 2563 955 2622 notum
966 2553 1103 2621 facimus
1114 2562 1227 2622 tenore
1243 2551 1450 2639 presencium
1551 2605 1552 2608 ,

320 2659 493 2746 uniuersis,
513 2662 598 2746 qnod
613 2661 778 2731 Jobnnnes
804 2663 919 2729 Comes
928 2713 939 2748 ,
954 2662 1085 2730 Tbinan
1102 2669 1134 2729 et
1150 2663 1255 2746 boka,
1269 2661 1329 2746 filij
1345 2660 1448 2728 Gouri-

320 2765 363 2834 tis
379 2766 509 2835 Thinan
534 2768 576 2836 de
600 2787 721 2854 genere
746 2771 871 2858 Herin,
897 2770 1055 2856 Magister
1078 2769 1247 2838 Emerions
1264 2777 1295 2836 et
1311 2767 1453 2853 tigidius

280 2939 287 2947 .
320 2872 379 2960 filij
398 2875 533 2945 Comitis
549 2876 679 2946 Paridis
693 2896 814 2964 genere
830 2878 872 2946 de
896 2880 1010 2945 eodem
1025 2876 1069 2944 ad
1082 2884 1226 2946 nostram
1243 2881 1449 2943 accesserunt

318 2982 533 3071 presenciam,
554 2993 588 3052 ot
605 2985 799 3053 exibuerunt
814 2984 910 3052 nobis
934 2985 1144 3070 priuilegium
1160 2983 1313 3068 Magistri
1327 2982 1450 3049 Jobsn-

319 3090 372 3158 nis
387 3088 538 3182 (Comitis
553 3091 788 3179 supruniensis
803 3100 838 3160 ot
854 3091 962 3160 Oestri
977 3091 1114 3182 Merrei),
1140 3097 1290 3180 petentes
1315 3111 1337 3157 a
1353 3088 1451 3160 nobis

319 3197 503 3286 diligenter,
521 3207 556 3267 ut
571 3201 677 3286 ipsum
694 3201 908 3288 priuilegium
927 3219 1000 3269 oum
1017 3206 1129 3268 nostro
1145 3198 1320 3286 priuilegio
1336 3201 1448 3267 contir-

319 3327 411 3375 mare
438 3307 657 3394 dignaremur.
674 3310 742 3376 Nos
764 3309 851 3375 enim
875 3309 1021 3393 ipsorum
1046 3307 1263 3394 peticionibus
1278 3305 1453 3390 legittimis

319 3415 562 3500 acquiescentes
577 3418 685 3502 ipsum
712 3415 923 3502 priuilegium
950 3415 991 3483 de
1006 3414 1107 3482 uerbo
1122 3414 1168 3482 ad
1183 3417 1319 3482 uerbum
1335 3421 1448 3482 nostro

296 3509 298 3514 ¹
318 3523 455 3592 fecimus
471 3525 646 3609 priuilegio
661 3523 765 3591 inseri
782 3531 815 3590 et
830 3522 977 3590 rescribi.
994 3523 1094 3591 (iuius
1108 3529 1202 3591 tenor
1217 3522 1295 3590 talis
1312 3528 1382 3588 est:

427 3632 497 3700 Nos
513 3631 669 3718 Magister
692 3631 859 3700 Jobannes
885 3631 1000 3698 Cornea
1026 3631 1260 3714 Supruniensis
1286 3634 1319 3695 et
1343 3627 1449 3696 castri

318 3738 431 3807 Ferrei
460 3740 523 3806 stb.
551 3737 763 3827 (bovotluenik
794 3739 895 3807 tanos
920 3737 1119 3826 ibisptnnair
1150 3736 1456 3824 biaonystglevele,

318 3847 400 3914 mint
415 3845 547 3914 fontebb
565 3850 640 3916 130.
655 3867 699 3914 sn.
716 3845 759 3934 a.)

426 3954 523 4034 Quod
538 3960 574 4022 ut
589 3961 694 4021 ratnrr
711 3955 764 4040 sit,
777 3953 821 4021 ad
831 3952 1028 4020 instanciam
1040 3957 1072 4018 et
1086 3949 1281 4037 peticionem
1298 3951 1445 4035 parcium

318 4083 452 4151 presens
467 4061 624 4149 scriptum
641 4061 839 4130 contulimus
865 4067 977 4128 nostro
992 4059 1102 4143 sigillo
1118 4059 1361 4126 communitum.
1379 4061 1444 4126 Da·

319 4179 387 4239 tum
402 4171 436 4239 in
454 4171 508 4239 die
523 4173 627 4239 Beate
641 4169 802 4236 Katarine
818 4167 953 4254 virginis
968 4186 1054 4234 anno
1064 4165 1198 4232 Domini
1212 4166 1334 4233 141000ο
1348 4185 1449 4233 nona·

319 4278 443 4365 gesimo
460 4279 582 4366 quinto.
598 4276 757 4362 Magistro
781 4276 821 4345 N.
838 4275 1020 4364 Proposito,
1051 4273 1169 4340 Oosma
1186 4273 1338 4358 Custode,
1353 4273 1449 4340 Nico

317 4387 374 4454 leo
391 4389 523 4456 Decano
538 4384 763 4453 existentibus.

426 4565 506 4634 (Regi
520 4563 636 4620 masolat
648 4560 816 4632 bbrbirtytn
828 4578 846 4614 a
857 4579 943 4616 norun.
956 4578 1081 4615 mmenm
1095 4549 1338 4629 iacincti-iustam.)
