3146 5192
855 302 1010 400 *ὅξο-

369 496 508 584 quenda,
525 517 624 564 vnum
641 515 682 562 ax
698 493 790 562 uobis
807 495 1027 579 misissemus,
1053 491 1139 561 idem
1165 493 1209 559 ad
1224 513 1286 560 nos
1302 495 1425 562 rediens
1440 517 1483 564 re-

364 605 439 672 tulit
457 604 489 670 in
505 602 565 670 beo
590 604 709 670 uerba:
740 601 827 685 quod
857 602 1066 692 estimatores
1098 600 1261 688 predicti,
1293 602 1482 670 considerata

365 711 533 798 paruitate
548 718 581 778 et
596 710 772 780 sterilitate
782 718 867 776 terre
883 709 1048 776 antedicta
1066 709 1163 777 simul
1180 729 1254 776 cum
1271 711 1405 776 ecelesia
1417 729 1478 796 pro·

365 817 541 885 cessionali
557 816 622 884 sita
638 818 673 882 in
691 815 818 901 cadem,
844 823 876 882 et
894 816 1090 882 monasterio
1108 814 1244 902 dirruto,
1262 836 1303 882 ao
1319 815 1390 900 alijs
1403 817 1476 884 utili·

366 924 488 992 tatibns
505 925 584 1012 suis,
601 923 751 1008 diligenti
779 923 1018 992 deliberacione
1044 923 1129 989 inter
1144 943 1181 990 sc
1197 923 1289 990 abita
1306 943 1363 1008 pro
1378 947 1477 993 nouem

366 1035 481 1099 marcis
498 1032 710 1099 extimassent
718 1083 729 1117 ,
745 1031 832 1114 quod
849 1037 881 1098 et
895 1037 1025 1116 portes,
1048 1031 1126 1098 licet
1141 1029 1343 1113 aliquamdiu
1360 1032 1436 1098 inter
1447 1053 1478 1100 so

365 1139 619 1224 discrepassent,
647 1138 852 1222 postmodum
884 1144 993 1204 tamen
1027 1135 1229 1206 concorditer
1263 1145 1476 1206 consenserunt

367 1266 475 1312 corum
492 1246 595 1316 nobis.
613 1244 706 1312 Vnde
722 1245 802 1328 ipsis
819 1265 936 1313 nouem
946 1245 1078 1330 marcis,
1090 1245 1212 1330 partim
1229 1245 1263 1311 in
1281 1244 1475 1316 extimacione

151 1419 166 1426 ,
257 1366 266 1378 '
367 1353 542 1438 condigna,
559 1359 592 1419 et
608 1351 779 1437 partimin
796 1350 939 1438 denarijs
949 1351 1126 1434 Lethardo,
1141 1352 1328 1438 supradicto
1343 1355 1377 1420 in
1391 1357 1476 1422 nostri

365 1461 534 1545 presencia
552 1461 647 1544 plene
664 1464 697 1524 et
707 1465 836 1542 integre
846 1461 1020 1544 persolutis
1031 1459 1202 1544 sepedicta
1213 1466 1475 1531 terramemorato

363 1567 558 1634 Leustacbio
575 1575 607 1633 et
623 1568 691 1632 suis
716 1567 887 1633 heredibus
904 1567 1040 1651 pacifice
1066 1573 1098 1632 et
1123 1566 1232 1648 quiete
1248 1569 1400 1633 remansit
1415 1589 1475 1653 pos·

364 1673 518 1758 sidenda,
536 1671 656 1739 idcirco
673 1669 836 1738 Lotbardo
853 1673 913 1739 boo
939 1673 1071 1738 firmiter
1097 1680 1349 1758 assumpmente,
1364 1675 1476 1758 quodsi

364 1799 429 1863 qua
444 1780 659 1847 instrumenta
676 1798 735 1846 seu
750 1780 882 1846 litteras
899 1799 997 1866 super
1020 1778 1189 1864 empcione
1215 1779 1303 1846 dicte
1317 1787 1400 1848 terre
1416 1803 1476 1850 eon·

362 1887 448 1954 secta
463 1888 607 1972 haberet,
627 1907 699 1953 cum
715 1887 758 1952 ad
774 1886 879 1952 lucem
895 1887 1053 1974 venirent,
1074 1905 1168 1954 casse
1193 1889 1308 1954 fierent
1323 1895 1355 1956 ct
1369 1889 1476 1956 riribm
1542 1891 1548 1896 '

367 1993 519 2060 cariture.
534 1993 577 2058 Vt
592 1991 691 2077 igitur
706 1992 780 2078 ipsa
791 1999 878 2059 terra
894 1991 1040 2078 predicto
1052 1990 1171 2060 (lomiti
1181 1994 1375 2061 Lenslacbio
1390 2003 1419 2062 et
1429 2017 1479 2081 per

366 2119 438 2166 eum
457 2099 523 2167 suis
539 2099 710 2166 heredibus
723 2100 756 2166 in
766 2107 956 2186 perpetuum
969 2107 1163 2186 perseueret,
1173 2121 1232 2166 nec
1242 2121 1300 2184 per
1310 2103 1478 2187 qnempiam

363 2225 517 2290 processu
532 2193 712 2290 temporum
729 2207 834 2291 possit
849 2207 1019 2272 retractari
1029 2258 1038 2291 ,
1056 2215 1223 2290 presentes
1241 2207 1346 2272 eidem
1363 2227 1477 2278 eonom-

364 2314 466 2379 simus
477 2312 580 2396 sigilli
596 2313 701 2380 nostri
717 2313 896 2380 munimine
911 2315 1080 2380 roboratas
1099 2319 1131 2378 ct
1149 2312 1292 2380 alfabeto
1309 2315 1476 2384 intercisas.

362 2419 482 2486 Datum
498 2439 555 2504 per
572 2439 686 2488 manus
712 2420 860 2503 Magistri
890 2421 927 2486 B.
959 2420 1104 2488 Lectoris
1128 2419 1276 2487 Ecclesia
1305 2429 1476 2508 prenotate,

364 2547 450 2592 auno
466 2527 598 2593 Domini
615 2528 784 2595 millesimo
802 2527 871 2595 00⁰
886 2527 1099 2612 nonagesimo
1115 2547 1201 2596 nono
1217 2529 1393 2614 5Gregorio
1415 2526 1493 2597 Pro‘

363 2633 466 2719 posito
483 2633 657 2720 Catedrali,
689 2633 827 2702 Nicolau
858 2635 1027 2719 Proposito
1057 2635 1165 2701 Sancti
1188 2635 1379 2721 Saluatoris,
1395 2638 1476 2704 Petro

364 2737 514 2826 cantore,
532 2739 689 2824 Gregorio
705 2737 856 2826 Custode,
881 2740 1020 2826 Symone
1035 2738 1273 2809 archidiacono
1299 2741 1477 2830 delirasse,

366 2847 562 2914 Sebastiano
579 2827 750 2920 etMathbo
774 2847 1007 2934 sacerdotibus,
1033 2847 1175 2932 aliqune
1199 2849 1233 2914 in
1257 2849 1405 2916 Ecclesia
1425 2847 1475 2916 Dei

364 2953 484 3038 iugiter
502 2954 733 3022 famulantibus
750 2953 891 3021 omnium
908 2954 1054 3021 creatori.
1147 2955 1151 2962 “

363 3147 503 3214 (Eredetie
515 3146 688 3216 bbrbdrtydn,
701 3146 927 3216 birtyaasinegen
940 3149 1025 3216 itggli
1039 3148 1134 3217 peesdt
1146 3151 1236 3213 alatt3
1249 3167 1267 3202 a
1280 3151 1363 3204 budai
1376 3153 1421 3204 lir.
1433 3151 1483 3202 la·-
1554 3111 1557 3132 ⁴

779 3241 867 3292 marai
880 3236 1070 3306 lertlttrban.)
