3132 5192
365 1116 499 1200 Spalm
515 1116 547 1180 ea
566 1113 656 1178 Ῥναιι
670 1110 848 1176 dalmatiai
873 1111 1009 1176 adrosok
1025 1111 1111 1176 abaci
1126 1111 1290 1192 ratcedp
1310 1107 1406 1172 1291.

428 1324 465 1387 In
482 1323 544 1389 Dei
561 1323 689 1389 nominc
703 1321 817 1390 Amen.
832 1321 927 1386 Anno
943 1321 1134 1387 Natiuitatis
1161 1320 1309 1386 eiusdem
1335 1316 1459 1384 wcc·

317 1429 529 1511 nonagesimo
562 1427 677 1513 primo,
710 1427 892 1496 indiccione
925 1434 1043 1510 quarta
1067 1426 1121 1494 die
1146 1426 1254 1492 XXII.
1288 1426 1458 1510 Januarij·

320 1533 426 1613 Quum
442 1543 554 1620 aperte
571 1555 665 1602 sacra
690 1541 823 1602 testetur
849 1534 1027 1620 Scriptura,
1052 1553 1186 1600 necesse
1212 1551 1286 1600 esse
1312 1541 1348 1598 vt
1372 1552 1447 1599 eue-

317 1641 411 1708 niant
426 1641 594 1726 scandala,
612 1647 644 1708 et
657 1661 714 1726 per
729 1642 802 1707 loca
819 1661 859 1706 ac
876 1640 1026 1707 ciuitates
1042 1640 1131 1708 orbis
1147 1647 1307 1706 terrarum
1333 1657 1450 1722 guerre

189 1745 201 1772 ‘
324 1770 364 1816 ac
377 1749 568 1835 pestilencie
583 1749 754 1835 sepissime
770 1749 916 1814 oriantur
935 1783 1212 1798 -----
1233 1746 1357 1832 scripta
1372 1765 1457 1810 com·

322 1857 436 1924 munia
451 1857 492 1922 de
507 1856 789 1941 persecutionibus
806 1861 839 1920 et
853 1856 981 1938 guerris
999 1855 1138 1922 inuicem
1161 1854 1310 1920 volentes
1326 1853 1453 1954 concul-

324 1983 409 2047 care,
428 1961 486 2029 sed
502 1964 614 2049 pocius
630 1963 674 2030 ad
691 1964 844 2031 bonorem
861 1983 901 2028 ac
916 1960 1012 2028 iidem
1028 1961 1168 2028 debitam
1199 1961 1333 2044 gloriosi
1357 1959 1459 2044 Regis

322 2071 492 2154 Hungarie
502 2089 717 2138 conseruare:
736 2075 905 2153 propterea
925 2067 1103 2134 hisdiebus
1122 2068 1157 2133 in
1166 2068 1342 2152 presencia
1361 2065 1459 2160 inira·

326 2177 518 2260 scriptorum
530 2178 670 2260 testium,
688 2176 805 2242 nobilis
815 2175 874 2240 riri
886 2175 1006 2242 domini
1021 2175 1131 2242 Micha
1140 2175 1230 2242 Petri
1247 2175 1289 2242 de
1305 2175 1451 2260 Spalato,

324 2281 445 2350 Siudici
471 2291 503 2348 et
513 2283 729 2367 procuratoris
754 2281 940 2349 Communis
959 2301 1000 2349 ac
1015 2282 1230 2368 singularium
1241 2299 1454 2368 personarum

325 2386 475 2453 ciuitatis
491 2387 629 2472 Spalati,
647 2393 742 2473 prout
757 2387 799 2454 de
816 2387 885 2454 eius
901 2389 1071 2456 Sindicatu
1088 2397 1178 2475 patet
1194 2409 1252 2475 per
1262 2389 1454 2455 instrumem

326 2501 394 2560 tum
426 2494 590 2579 publicum
609 2531 1026 2546 -------
1044 2497 1170 2582 Notarij
1203 2495 1388 2562 confectum
1416 2514 1455 2560 ex

323 2607 419 2684 parte
435 2619 520 2685 una;
536 2606 569 2665 et
583 2600 702 2667 nobilis
718 2599 780 2666 viri
803 2601 925 2668 domini
939 2601 1047 2670 Dessa
1062 2603 1200 2668 Mursiae
1216 2602 1257 2667 de
1282 2603 1454 2687 lbagurio,

323 2705 449 2773 Sindici
464 2715 497 2773 et
512 2706 728 2790 procuratoris
744 2706 932 2775 Communis
948 2715 981 2777 et
996 2709 1211 2794 singularium
1241 2727 1454 2796 personarum

322 2808 473 2879 (liuitatis
487 2813 655 2898 Tragurij,
673 2820 708 2880 vt
725 2813 766 2880 de
782 2816 852 2882 eius
868 2815 1036 2883 Sindicatu
1047 2823 1177 2883 constat
1192 2837 1249 2903 per
1259 2817 1453 2882 instrumen-

319 2919 387 2982 tum
404 2917 568 3000 publioum
586 2919 620 2984 in
635 2939 735 2985 manu
754 2939 814 2988 sua
830 2920 1022 3005 confectum,
1040 2942 1099 3006 per
1114 2943 1168 2989 me
1184 2925 1359 2991 Nicolaum
1384 2923 1452 2988 Pal-

321 3022 411 3107 merij
428 3021 599 3091 Notarium
615 3027 720 3093 visum
735 3028 899 3094 ellectum
917 3047 957 3094 ex
984 3037 1075 3114 parte
1104 3031 1227 3116 altera,
1256 3029 1453 3097 unanimiter

324 3133 357 3194 et
373 3131 577 3198 concorditer
601 3131 726 3198 Sindici
753 3152 862 3200 earum
889 3133 1063 3206 ciuitatem
1088 3138 1228 3224 nomine,
1252 3146 1286 3206 et
1310 3137 1354 3205 de
1380 3155 1451 3201 con-

320 3253 429 3320 sensu,
447 3238 618 3302 voluntate
633 3244 666 3304 et
682 3239 820 3306 licencia
834 3241 979 3326 ipsorum
997 3239 1221 3310 Communium
1239 3245 1390 3312 feceruut
1409 3241 1452 3304 in·

321 3346 371 3405 ter
386 3361 422 3408 se
458 3348 519 3408 etc.
546 3341 747 3429 societatem,
781 3347 962 3414 amiciciam
999 3355 1032 3414 et
1067 3351 1255 3433 generalem
1281 3356 1451 3434 unitatem,

320 3445 505 3512 habituram
522 3455 554 3514 et
570 3449 758 3515 duraturam
784 3452 872 3517 inter
897 3453 986 3519 dicta
1011 3455 1203 3522 communia
1228 3477 1286 3542 per
1311 3462 1453 3544 quinque

320 3570 423 3617 annos
439 3551 586 3636 proxime
602 3561 767 3641 venturos,
784 3559 993 3642 complendos
1012 3568 1044 3626 et
1059 3562 1240 3648 continuos,
1257 3584 1358 3648 quam
1386 3566 1451 3648 qui·

321 3657 394 3722 dem
411 3659 597 3725 societatem
615 3667 647 3724 et
663 3662 814 3728 amiciam
832 3671 864 3729 et
881 3666 1033 3732 unitatem
1048 3669 1266 3753 promiserunt
1283 3671 1361 3737 dicti
1378 3671 1449 3737 Sin·

322 3763 387 3828 dici
403 3765 446 3830 ad
462 3764 600 3829 inuicem
617 3787 698 3832 unus
714 3770 809 3836 alteri
826 3772 955 3839 nomine
981 3775 1124 3860 ipsorum
1151 3777 1378 3844 Communium
1403 3799 1451 3845 vs·

319 3888 381 3951 que
397 3871 439 3936 ad
454 3869 636 3954 predictum
652 3878 779 3958 tempus
794 3881 904 3942 tenere
923 3885 954 3943 et
971 3879 1146 3946 obseruare
1174 3919 1212 3927 -
1237 3919 1273 3930 -
1298 3921 1336 3932 —
1360 3891 1447 3950 -et

320 3975 490 4062 illibatam,
509 3997 572 4044 nou
593 3979 794 4048 obstantibus
808 3983 971 4064 aliquibus
990 3985 1128 4070 casibus,
1148 3989 1318 4056 factisseu
1341 3992 1448 4058 condi-

318 4081 472 4170 cionibus,
490 4083 545 4168 qui
560 4085 800 4152 interueneruut
816 4095 848 4153 et
867 4091 1071 4172 contigerunt
1084 4093 1168 4158 inter
1177 4093 1382 4181 Communia,
1401 4099 1448 4164 vel

317 4207 473 4272 personas
490 4191 741 4276 suprascriptas,
758 4211 814 4258 seu
832 4193 968 4260 alieuius
978 4198 1132 4280 ipsorum.
1150 4201 1385 4270 l’romittentes
1407 4204 1449 4269 ad

317 4293 454 4362 inuicem
471 4295 531 4380 ipsi
548 4295 672 4364 Sindici
687 4315 771 4363 unus
787 4299 890 4382 alteri,
907 4302 1034 4367 nomine
1064 4311 1099 4368 vt
1118 4323 1226 4390 supra,
1253 4309 1390 4375 amicari
1418 4316 1449 4374 et

319 4400 479 4468 inimicari
489 4405 743 4486 quibuscumque
754 4401 984 4472 communibus
1001 4415 1033 4474 et
1042 4412 1198 4494 personis,
1211 4433 1276 4495 que
1293 4421 1325 4480 ol
1336 4416 1449 4498 qualia

318 4505 496 4575 emicarent
511 4531 568 4579 seu
594 4513 801 4580 inimicarent
811 4512 906 4580 alteri
923 4513 1146 4582 Communium
1163 4517 1394 4606 predictorum,
1410 4541 1449 4588 ac
