3180 5202
886 1010 964 1077 tol.

365 1208 415 1274 Aa
430 1213 499 1296 apri
514 1207 740 1297 lcriptclaanok
756 1209 991 1294 sowenykezeai
1004 1205 1210 1293 bizooyedpa,
1224 1207 1307 1292 bopp
1327 1205 1400 1270 Aba
1409 1228 1480 1270 aeru-
1580 1163 1581 1168 γ

364 1317 525 1402 aetsdpbeli
542 1317 672 1382 Sdudor
687 1315 922 1400 comesnekfioa',
937 1317 968 1380 da
984 1313 1184 1401 Gbepdam
1190 1313 1260 1395 fiai
1280 1311 1350 1378 ktzt
1364 1315 1482 1378 Benno-

551 1423 706 1489 Zurdolco
722 1432 801 1489 ocull
808 1422 949 1509 jb‘ldben
965 1419 1192 1488 oaztozkodral.
1210 1422 1310 1486 1300.

472 1617 838 1704 Datnrpromemoria,
856 1617 1029 1702 quodcum
1054 1638 1114 1684 nos
1130 1619 1223 1682 iuxta
1254 1615 1484 1683 continenciam
1579 1681 1581 1708 ;

364 1729 543 1794 litterarum
561 1726 695 1794 Comitis
720 1727 767 1792 St.
794 1725 988 1793 Viceiudicis
1016 1725 1111 1792 Ourie
1137 1724 1259 1791 domini
1284 1723 1383 1807 Regis
1398 1723 1488 1788 nobis

364 1834 626 1902 transmissarum
642 1853 715 1900 oum
731 1833 906 1920 Demetrio,
923 1832 1108 1900 Alexandro
1128 1841 1161 1900 et
1175 1832 1310 1898 Nicolno
1326 1831 1488 1914 Magistris
1580 1853 1581 1874 ³

365 1942 441 2026 lilijs
458 1940 592 2006 Comitis
608 1938 785 2006 Alexandri
811 1960 853 2006 ex
867 1960 933 2005 uno
958 1949 1071 2029 parto,
1103 1947 1135 2006 et
1160 1938 1285 2005 Comite
1301 1938 1389 2005 Miluo
1405 1937 1489 2002 dicto

365 2049 509 2135 (lhurka,
528 2048 672 2116 Omodeo
688 2057 720 2116 et
735 2049 869 2116 Andrea
884 2049 960 2133 fllijs
977 2048 1125 2133 chepani
1151 2069 1190 2115 ex
1208 2049 1333 2129 altera,
1349 2047 1489 2112 duos'vi-
1579 2037 1581 2088 ἶ

365 2178 418 2224 ros
434 2157 580 2246 ydoneos
596 2139 628 2222 et
644 2157 775 2239 fideles,
807 2155 961 2224 uidelicet
980 2155 1131 2240 Egidium
1149 2155 1190 2222 de
1206 2156 1298 2221 blera
1313 2161 1346 2220 et
1361 2152 1491 2220 Marcel·
1579 2227 1581 2244 Ι

364 2265 432 2332 lum
449 2265 490 2331 de
508 2265 568 2331 lda
583 2265 778 2350 presbiteros
794 2284 853 2348 pro
872 2263 1057 2330 testimonio
1073 2265 1145 2330 vice
1169 2269 1283 2330 nostra
1299 2261 1490 2328 transmisls·

364 2391 482 2458 semus,
499 2371 617 2455 quibus
633 2372 837 2457 presentibus
855 2371 940 2437 dicte
963 2377 1092 2455 partes,
1118 2378 1152 2436 et
1168 2370 1272 2436 eciam
1288 2368 1490 2453 presentibus
1580 2431 1581 2446 ,

364 2480 522 2565 Magistro
539 2480 697 2546 Michaele
712 2479 778 2545 filio
799 2479 976 2564 Morbardy
995 2485 1029 2545 et
1046 2479 1123 2564 aliJs
1140 2478 1306 2545 nobilibus
1322 2477 1358 2542 in
1373 2477 1491 2543 eisdem

364 2585 481 2653 litteris
497 2587 616 2654 iudicis
634 2587 797 2672 expressis
814 2585 894 2654 seria
919 2588 1021 2654 tercia
1038 2587 1186 2672 proxima
1203 2593 1280 2653 ante
1297 2586 1416 2653 festum
1430 2585 1491 2649 Na·

365 2693 504 2760 tiuitatis
519 2693 615 2761 Beati
631 2695 792 2762 lobannis
808 2694 957 2780 Baptiste
976 2713 1076 2781 super
1100 2695 1186 2761 laeto
1202 2701 1288 2762 terre
1312 2695 1493 2760 Bennazur-

365 2800 454 2868 duka
470 2805 584 2868 uocate
600 2801 814 2887 accederent,
841 2811 874 2866 et
889 2801 1029 2868 eandem
1054 2823 1112 2888 per
1128 2808 1232 2868 metas
1248 2807 1377 2867 veteres
1393 2817 1489 2866 reem·

366 2908 519 2994 balando,
535 2927 607 2975 cum
624 2908 787 2975 uniuersis
802 2909 997 2976 utilitatibus
1014 2911 1081 2976 suis
1099 2908 1142 2974 ad
1158 2915 1222 2976 tres
1239 2913 1350 2995 partes
1369 2904 1489 2972 diuide·
1577 2949 1578 2952 κ

363 3022 435 3084 rent
451 3017 604 3102 equales:
622 3016 721 3101 ijdem
736 3015 883 3084 homiues
900 3020 1000 3084 nostri
1017 3017 1060 3084 ad
1086 3037 1146 3084 nos
1162 3017 1287 3084 reuersi
1311 3015 1410 3081 nobis
1425 3013 1491 3080 tuli-
1577 3011 1579 3066 ῗ

365 3133 415 3190 ter
430 3125 614 3208 recitarunt,
632 3121 870 3208 quodprediete
885 3131 995 3209 partes
1011 3123 1091 3208 ipsis
1107 3123 1321 3208 presentibus,
1343 3130 1377 3188 et
1393 3122 1491 3187 coium

365 3229 550 3316 petentibus
569 3231 724 3313 Magistro
741 3231 865 3298 Detbor
879 3231 948 3299 filio
965 3230 1099 3317 Detricy
1108 3283 1118 3318 ,
1144 3239 1177 3298 et
1193 3229 1361 3296 Demetrio
1377 3229 1420 3294 de
1435 3229 1491 3314 Zy-
1577 3227 1579 3254 ⁴

365 3357 444 3422 mer,
463 3336 591 3402 bomine
608 3334 747 3420 predicti
763 3337 913 3421 Magistri
938 3337 1129 3422 Michaelis,
1155 3337 1188 3402 in
1204 3338 1277 3422 ipsa
1292 3337 1377 3403 feria
1393 3335 1491 3404 tercia

365 3443 580 3511 accessissent
595 3441 638 3506 ad
655 3440 772 3508 l'aoiem
788 3451 873 3510 terre
898 3446 1084 3530 supradicte
1094 3495 1103 3528 ,
1131 3453 1162 3511 et
1182 3444 1319 3511 eandem
1337 3465 1397 3529 per
1413 3451 1491 3512 vete·

366 3571 417 3618 res
433 3557 536 3617 metas
566 3549 742 3618 circulares
773 3552 1051 3633 reambulassent,
1085 3559 1116 3618 et
1133 3551 1368 3618 reambulando
1387 3556 1490 3636 lpsam

366 3665 485 3725 terram
502 3675 572 3724 cum
598 3657 755 3725 uniuersis
780 3659 976 3726 utilitatibus
1007 3661 1074 3728 suis
1091 3659 1124 3725 in
1141 3667 1206 3728 tres
1222 3667 1331 3744 partes
1361 3659 1490 3742 equales

367 3765 572 3850 diuisissent;
591 3764 631 3831 de
648 3765 765 3848 qulbus
781 3785 880 3832 snam
896 3775 1021 3852 portem
1038 3768 1177 3853 predicti
1192 3766 1250 3850 lilij
1269 3765 1407 3832 (inmitis
1423 3766 1490 3831 Ale·

257 3960 261 3974 ι
366 3872 497 3960 sandri,
513 3873 610 3940 sitam
625 3871 847 3938 iuxtaterram
864 3872 1038 3941 eorundem
1050 3873 1184 3942 Comitis
1200 3873 1290 3938 Miluo
1306 3885 1340 3938 et
1356 3873 1490 3940 filiorum

366 3981 521 4069 Ohepani,
538 4001 559 4047 a
575 3980 709 4063 reliquis
725 3977 852 4047 duabus
868 3981 1014 4066 partibus
1041 3983 1135 4047 metis
1151 3979 1289 4048 inferius
1306 3983 1489 4066 specifican-

366 4091 416 4156 dis
432 4095 627 4173 separatam,
644 4085 749 4152 eidem
766 4085 884 4152 Comiti
899 4087 1009 4174 Milo,
1026 4095 1057 4156 et
1072 4089 1149 4174 filijs
1165 4088 1325 4177 Ohepani,
1342 4109 1385 4156 ae
1404 4089 1488 4155 here·

365 4197 459 4263 dibus
476 4195 668 4279 eorundem,
695 4192 916 4275 resignassent
940 4199 973 4259 et
988 4195 1196 4279 reliquissent
1222 4203 1379 4282 perpetuo
1393 4193 1488 4283 possi·

366 4302 526 4389 dandam,
553 4305 649 4387 prout
666 4299 768 4367 eciam
799 4301 891 4367 iuxta
907 4303 1043 4370 formam
1073 4302 1255 4369 litterarum
1272 4303 1352 4369 dicti
1370 4302 1489 4372 Judiais
1575 4355 1576 4360 ,

366 4410 487 4477 eisdem
502 4407 711 4493 resignarant
737 4407 871 4473 terciam
887 4415 1014 4494 partem
1038 4415 1121 4475 terre
1146 4415 1341 4496 memorate,
1369 4413 1488 4496 relique

366 4535 443 4582 uero
459 4516 522 4581 due
538 4521 647 4600 partes
663 4513 785 4580 eisdem
801 4513 879 4598 filijs
895 4515 1073 4584 Alexandri
1100 4515 1235 4584 Comitis
1259 4521 1292 4584 et
1317 4517 1389 4585 suis
1403 4518 1490 4584 here·

367 4619 470 4715 dibus,
487 4621 636 4690 similiter
652 4641 722 4690 oum
747 4621 940 4696 utilitatibus
955 4625 1044 4712 suis,
1069 4625 1204 4714 pacifice
1230 4623 1485 4714 possidende're·
