3124 5194
825 307 985 414 „us-t-

333 499 456 590 Wruzy
471 502 572 588 ijdem
589 501 647 586 filij
664 501 812 588 Magistri
829 503 982 590 Pbpiippi
1009 500 1253 588 quinquaginta
1277 520 1408 572 mareas
1436 501 1473 570 iu

336 611 480 696 denurijs
496 614 539 678 ub
557 610 670 678 eodem
687 611 811 678 comite
827 611 1015 678 Alexandro
1040 611 1205 678 dixissent
1232 631 1268 678 se
1296 611 1474 699 recepisse,

337 724 370 784 et
385 719 470 792 olias
486 718 724 802 quinquaginta
741 738 870 786 mareas
885 739 946 804 pro
961 718 1125 804 stipendio
1153 725 1186 784 et
1211 719 1373 786 effusione
1397 741 1475 786 san·

337 825 448 908 guinis
464 825 609 892 eiusdem
624 823 804 892 Alexandri
821 828 865 892 ab
880 824 1003 893 eisdem
1020 825 1065 891 ud
1080 826 1248 892 raeionem
1264 827 1375 914 ipsius
1400 849 1475 914 pos-

334 933 491 1000 sessionis
502 953 560 1018 per
569 932 708 1000 eundern
718 934 934 1019 assumpsisse
951 934 985 1000 in
996 933 1081 1000 hune
1092 933 1222 1002 modum
1236 959 1244 1009 ;
1262 937 1354 1023 quod
1371 957 1475 1020 quen-

334 1022 505 1107 docunque
515 1024 567 1088 tel
578 1043 636 1108 per
646 1042 871 1106 quemcunque
882 1029 949 1088 tum
961 1044 1021 1108 per
1031 1023 1119 1108 ipses
1129 1023 1214 1090 tilios
1223 1025 1379 1108 Magistri
1389 1027 1475 1114 Pty-

324 1127 419 1216 =lippi
429 1179 438 1214 ,
453 1149 549 1214 quarn
560 1147 618 1214 per
628 1129 711 1196 tilios
723 1127 857 1196 Comitis
865 1129 1024 1216 Lsdizlui,
1037 1131 1088 1198 vel
1111 1151 1241 1198 suorum
1261 1151 1473 1202 successores

338 1237 565 1323 oontruipsum
576 1237 1473 1307 ComitemAlexendrumvelsuessueeessoresalieuius

337 1345 518 1427 questionis
530 1345 665 1411 materia
676 1352 764 1410 motu
774 1365 832 1411 seu
841 1347 1019 1413 susseitnte
1028 1345 1129 1429 fieret,
1141 1353 1320 1431 antequam
1331 1348 1368 1412 in
1381 1348 1473 1414 litem

336 1453 512 1538 prodirent,
530 1453 622 1538 ipsus
637 1461 765 1519 eentum
782 1473 908 1520 mareas
924 1453 987 1538 ipsi
1004 1453 1122 1519 Comiti
1137 1453 1330 1521 Alexandro
1340 1459 1395 1522 vel
1406 1459 1473 1523 suis

334 1559 582 1646 posteritatibus
596 1560 698 1646 ijdenr
713 1561 771 1647 filij
790 1559 937 1646 Magistri
954 1561 1108 1648 Phylippi
1125 1568 1158 1630 et
1172 1562 1331 1650 Ledislai,
1351 1567 1404 1630 rel
1420 1565 1473 1630 sui

328 1687 547 1754 ‘suoeessores
558 1667 698 1753 proximi
708 1677 741 1736 et
751 1669 883 1754 eoguuti
893 1668 1068 1736 refundere
1077 1675 1273 1754 tenerentur,
1286 1677 1320 1736 et
1329 1670 1472 1738 eundem

336 1771 491 1840 Comitem
502 1775 721 1843 Alexandrum
732 1777 905 1860 equolibet
922 1775 1116 1861 impediente
1131 1797 1232 1860 super
1247 1777 1322 1863 ipse
1338 1799 1470 1863 posses·

335 1879 427 1948 siorie
437 1881 591 1968 expedire
600 1883 741 1969 proprijs
756 1883 922 1951 laboribus
938 1891 970 1949 et
985 1881 1136 1968 expensis
1146 1885 1207 1950 stb.
1218 1885 1340 1952 Datum
1358 1887 1472 1968 quinto

338 1985 392 2054 die
407 1989 680 2074 congregacionis
696 1997 804 2058 nostre
822 1990 966 2078 prediote
983 2000 1015 2058 et
1030 1991 1102 2058 loeo
1119 1991 1296 2059 nominatis
1312 2013 1404 2059 suno
1415 1995 1466 2060 Do

338 2095 419 2162 mini
438 2099 533 2166 1343.

466 2274 604 2342 (Essdette
617 2277 792 2346 blirblrtylm
811 2281 923 2333 sbudsi
936 2280 987 2332 lrir.
1009 2279 1131 2331 kumsrsi
1145 2277 1341 2348 lerlltlrbuu.)

795 2574 1009 2590 m

870 3099 946 3170 122.

345 3301 537 3372 tbomasina
553 3297 621 3365 111.
638 3298 748 3364 Eudre
762 3300 874 3388 kircily
889 3301 1063 3388 auyjo'nok
1090 3297 1171 3366 Soob
1186 3300 1392 3388 neobfoldet
1407 3307 1472 3369 teir·

387 3410 490 3497 gyezo
505 3409 690 3492 odoorcingo
706 3407 825 3476 Ldszlo
841 3431 948 3494 eomes,
959 3407 1133 3492 Miloldsfiu
1148 3413 1310 3477 szdmdro.
1326 3411 1429 3480 1295.

449 3601 652 3670 'l'bomusiuu
666 3602 729 3669 Dei
760 3603 873 3688 graeiu
898 3611 1002 3671 mater
1026 3601 1149 3670 domini
1175 3599 1307 3671 Andree
1332 3605 1474 3678 Illustrit

341 3711 441 3797 Regis
458 3709 645 3793 Hungurie‚
663 3709 811 3778 omnibus
826 3707 947 3778 Christi
973 3709 1124 3778 fidelibus
1149 3729 1285 3796 presens
1311 3714 1472 3801 seriptum

342 3817 537 3908 inspecturis
551 3818 692 3884 salutern
708 3819 741 3885 in
758 3818 899 3887 omnium
914 3820 1091 3886 saltatore.
1107 3819 1253 3904 Dignum
1269 3825 1320 3885 est
1335 3827 1370 3887 et
1386 3823 1474 3889 omui

343 3935 593 3998 consentaneum
610 3925 744 4007 meieni,
760 3933 796 3992 vt
819 3925 883 3992 uiri
908 3925 1044 4013 strenui,
1063 3928 1118 4010 qui
1134 3947 1170 3994 se
1193 3925 1323 3993 fortune
1339 3929 1472 4000 casium

341 4033 511 4126 pronubis
537 4033 697 4102 subiicere
722 4055 786 4101 non
803 4033 979 4101 formidant
988 4086 999 4122 ,
1024 4054 1045 4100 a
1069 4039 1181 4100 nostru
1197 4033 1378 4102 elemeueia
1394 4038 1474 4104 reei-

343 4145 436 4233 piuut
450 4141 599 4211 antidota
613 4139 816 4228 premiorum.
834 4141 1014 4228 Euproptor
1024 4140 1067 4206 ud
1078 4141 1304 4208 uniuersorum
1324 4149 1392 4210 turn
1404 4165 1472 4230 pre·

214 4321 220 4332 ,
342 4252 486 4322 seneium
503 4271 601 4336 quam
618 4248 795 4316 futurorum
822 4249 977 4316 notieium
1002 4249 1118 4315 burum
1134 4247 1219 4318 serie
1237 4249 1387 4320 uolumus
1404 4271 1472 4337 per·

342 4363 465 4448 uenire,
483 4357 663 4448 quodlicet
687 4355 864 4424 fidelitates
889 4363 1048 4440 actusque
1073 4355 1228 4442 meritorij
1257 4353 1394 4426 Comitis
1409 4359 1470 4426 Lu·

344 4467 442 4537 dizlei
458 4469 517 4557 filij
534 4465 675 4555 Myoolai
690 4466 807 4551 uotorij
829 4464 895 4532 siut
903 4515 913 4550 ,
940 4486 1000 4533 nee
1015 4465 1126 4550 aliquo
1142 4463 1257 4552 quovis
1272 4464 1403 4550 possint
1418 4485 1469 4533 ex·

346 4577 465 4678 quisito
481 4578 588 4658 eolore
608 4575 812 4666 effuseieerip
839 4581 949 4644 temen
979 4572 1058 4666 quie
1083 4572 1247 4659 modernis
1272 4572 1479 4678 temporibus.
