3234 5194
610 935 663 1001 36.

79 1134 232 1198 Lcdomdr
248 1135 438 1218 ecaterpama'
455 1133 606 1197 drackack
622 1133 858 1218 beiamarvdaye,
876 1134 961 1218 bopy
980 1157 1001 1197 a
1021 1157 1061 1198 aa.
1089 1137 1209 1198 tamisi

80 1242 262 1326 materpama'
281 1243 480 1326 prepoctadp
503 1239 634 1304 caetea
660 1264 682 1304 u
706 1242 898 1326 aydlszipeti
923 1241 1210 1324 apacauadrda‘cal

205 1351 328 1432 aperti
344 1347 730 1432 cdmjdvedelemroadave
756 1347 960 1433 epyezkcdett.
979 1348 1077 1414 1291.
1099 1355 1105 1372 '

181 1559 400 1626 Lodomerius
417 1561 629 1626 miseracione
644 1559 768 1626 Diuina
783 1560 1057 1646 Archiepiscopus
1084 1562 1207 1646 Strigo-

21 1707 23 1712 ι
79 1667 198 1733 niensis
212 1665 344 1750 locique
354 1666 500 1732 eiusdem
511 1665 625 1733 Comes
636 1673 812 1752 perpetuus
823 1669 985 1736 uniuersis
998 1669 1204 1755 presencium
1252 1727 1253 1730 ,

79 1773 228 1839 noticiam
246 1773 405 1840 habituris
423 1775 564 1840 salutem
580 1773 613 1839 in
629 1775 777 1842 Domino.
795 1777 953 1844 Nouerint
971 1776 1113 1843 uniuersi
1135 1797 1207 1860 pre-

81 1880 216 1948 sencium
228 1883 383 1948 noticiam
394 1881 546 1966 habituri,
558 1880 645 1966 qnod
661 1903 731 1948 cnm
743 1885 828 1950 inter
840 1904 899 1950 nos
909 1886 1040 1952 nomine
1056 1883 1209 1969 Magistri

82 1988 200 2071 Tharne
213 1988 378 2074 Prepesiti
394 1988 507 2056 Sancti
523 1987 647 2056 Thome
664 1991 806 2056 martiris
823 1991 864 2059 de
879 1991 1102 2060 Promontorio
1122 1993 1207 2058 Stri-

82 2095 231 2183 goniensi,
250 2095 387 2164 scolaris
413 2095 575 2181 Paduani,
593 2105 625 2164 et
651 2098 794 2182 Capituli
817 2098 882 2164 loci
908 2099 1051 2166 eiusdem
1078 2119 1118 2164 ex
1143 2121 1209 2166 una

21 2279 23 2282 ,
81 2211 174 2290 parte,
190 2213 224 2272 et
242 2206 429 2272 Conumtus
445 2205 668 2289 religiosarum
686 2227 897 2290 personarum
926 2229 1070 2276 sororum
1098 2191 1209 2275 Mona·

21 2343 23 2408 ζ
81 2312 162 2396 sterij
180 2313 306 2379 Sancte
322 2313 423 2380 Marte
438 2313 480 2380 de
495 2314 607 2380 Insula
631 2313 724 2380 iuxta
748 2316 876 2382 Budam
903 2336 943 2382 er
968 2317 1085 2396 altera,
1103 2335 1200 2400 super

82 2419 254 2486 medietate
270 2421 385 2486 tributi
404 2420 465 2486 fori
482 2420 523 2487 de
539 2421 649 2486 Ueteri
665 2421 752 2506 Pest,
770 2443 867 2506 quam
883 2443 922 2488 ex
940 2423 1119 2490 collacione
1134 2422 1206 2488 feli·

83 2527 125 2593 cis
140 2528 385 2596 recordacionis
402 2529 565 2613 quondam
583 2530 722 2596 Emerici
734 2531 834 2614 Regis
844 2530 1013 2612 Hungarie
1024 2535 1210 2615 competere

21 2679 22 2696 l
82 2633 139 2700 sibi
153 2635 297 2721 dicebat,
314 2635 460 2721 predicte
476 2637 626 2702 Ecclesia
643 2637 755 2704 Sancti
772 2636 908 2722 Thcme,
936 2635 1029 2702 cuius
1055 2637 1204 2704 Ecclesia

21 2745 23 2830 j
84 2741 122 2806 ad
136 2750 282 2810 nestram
298 2742 761 2830 solicitudinempertinentis,
777 2745 1043 2826 procuracionem
1069 2763 1128 2810 nos
1154 2764 1206 2828 ge-

21 2851 23 2930 }
84 2849 176 2915 rimus
193 2851 304 2932 quoad
320 2871 465 2936 presens,
482 2851 621 2935 primum
633 2871 740 2916 coram
751 2851 909 2920 Ladizlao
924 2854 1014 2934 Rege
1025 2851 1207 2937 Hungarie‚

21 3005 23 3048 3
86 2963 114 3022 ct
127 2976 211 3024 nunc
228 2977 338 3026 eoram
358 2958 488 3026 Andrea
505 2958 566 3023 Dei
582 2959 695 3041 gracia
711 2957 816 3042 Regni
833 2959 1110 3041 Hungarie·Rege
1138 2958 1208 3024 illu·

87 3063 150 3150 stri,
167 3074 257 3132 mota
272 3065 389 3132 suisset
405 3065 759 3149 materiaquestionis3
788 3071 819 3132 et
844 3067 917 3150 ipsa
943 3065 1068 3148 questio
1094 3064 1211 3132 fuisset

21 3163 22 3234 j
87 3170 285 3256 aliquamdiu
302 3175 472 3258 uentilata,
490 3181 522 3239 et
537 3173 740 3258 postmodum
757 3194 814 3257 per
831 3193 900 3252 nos,
919 3179 951 3238 et
969 3172 1084 3238 fratres
1111 3171 1207 3254 Vgri·

21 3291 22 3294 ’
88 3299 156 3346 num
171 3281 277 3347 filium
293 3280 432 3347 Parazth
449 3281 490 3348 de
515 3303 635 3366 genere
661 3281 785 3361 Chaak,
812 3278 1004 3363 Gregorium
1029 3279 1209 3359 hectorem,

21 3383 23 3478 f
87 3385 218 3454 Paulum
236 3393 269 3453 et
286 3387 447 3454 Briceium
464 3389 505 3456 de
530 3388 650 3456 Ordine
668 3392 816 3456 Fratrum
844 3385 1098 3468 Predieatcrum,
1124 3385 1209 3471 ipsa·

90 3511 153 3558 rum
178 3492 407 3577 religiosarum
433 3514 579 3562 sororum
602 3501 829 3580 procuratores
856 3492 1009 3576 legaliter
1033 3491 1210 3577 institutos,

21 3603 22 3678 ξ
90 3605 117 3664 ct
131 3599 170 3667 de
187 3601 425 3668 ratihabicicne
441 3602 615 3670 earundem
632 3601 930 3669 sanctimonialium
949 3599 1103 3665 mandato
1120 3600 1207 3666 sufli-

91 3707 181 3774 cienti
196 3709 349 3792 munitos,
367 3711 400 3774 in
417 3729 591 3795 personam
608 3708 730 3776 domini
757 3707 860 3774 nostri
875 3709 913 3774 A.
940 3707 1039 3788 Regis
1068 3705 1127 3772 sub
1153 3725 1211 3790 ap·

90 3815 248 3897 posieicne
281 3823 365 3883 certe
396 3837 479 3904 pene
506 3817 704 3902 pecuniaria,
733 3837 829 3900 quam
845 3835 921 3902 pars
945 3835 1008 3881 non
1037 3819 1212 3898 acceptans

92 3922 211 3990 soluere
226 3924 357 3991 deberet
371 3925 456 4010 parti
483 3925 647 3992 arbitrium
672 3923 865 4009 acceptanti,
890 3942 932 3988 ex
955 3927 1094 4004 utraque
1118 3927 1212 4005 parte

21 4015 23 4020 ’
92 4033 349 4120 compromissum
366 4031 500 4118 fuisset;
514 4033 646 4100 tandem
662 4033 830 4114 utriusque
854 4031 958 4115 partis
984 4027 1211 4096 instrumentis

21 4127 23 4214 J
91 4153 189 4201 coram
205 4135 371 4222 deputatis
388 4159 408 4202 a
425 4137 555 4205 domino
571 4143 681 4205 nostro
700 4140 788 4222 Rege
804 4135 944 4202 Prelatis
962 4141 993 4202 et
1020 4133 1211 4201 Beronibus

21 4297 23 4344 ἱ
93 4240 412 4312 internoscentibus
438 4244 513 4312 nnc
538 4245 613 4312 nne
640 4245 801 4329 exararus,
826 4244 923 4330 pune
948 4241 1111 4327 penetus,
1137 4240 1210 4306 arrr-

21 4347 23 4432 ζ
95 4358 201 4434 genter
217 4353 412 4420 examinatis
428 4360 461 4420 et
476 4355 605 4438 plenius
635 4353 819 4436 intellectis,
845 4357 920 4416 ante
947 4351 1104 4440 euentum
1124 4347 1208 4414 arbi-

21 4457 22 4510 ἓ
95 4458 142 4545 trij
158 4461 226 4528 siue
243 4459 331 4528 laudi
346 4461 575 4548 promulgandi
590 4481 648 4546 per
663 4461 769 4546 ipsum
787 4458 951 4526 dominum
977 4462 1122 4523 nostum
1146 4455 1206 4522 Re·

96 4592 173 4659 gem,
188 4573 222 4642 in
237 4573 322 4642 hanc
338 4573 471 4657 pacifice
497 4561 742 4655 composicionis
758 4569 875 4637 seriem
891 4566 962 4651 pari
989 4561 1166 4634 concordia
1182 4569 1214 4630 et
