3234 5194
873 248 1032 347 *24-

390 441 584 527 tandemque
607 449 682 527 post
714 443 836 508 multas
863 449 895 509 et
925 461 1062 526 magnas
1087 439 1313 506 tnrbacionum
1341 435 1423 502 hinc
1463 432 1560 499 inde

392 555 604 637 tempestates
620 549 761 616 universi
776 548 909 616 humani
940 548 1069 634 generis
1095 547 1244 614 conditor
1269 552 1303 611 et
1328 542 1562 626 redemptor,

393 657 479 725 filius
494 657 672 726 secundnm
688 675 819 724 carnem
837 655 992 724 Glorioso
1008 654 1153 738 Virginis
1168 655 1266 722 Jcsus
1283 651 1461 734 Christus,
1484 653 1559 716 Do

392 765 533 832 minator
547 765 698 832 uniuerso
714 765 837 830 fabrice
860 764 990 850 mundi,
1021 765 1093 829 Rex
1109 764 1236 846 Regum
1255 759 1429 844 omnium,
1454 757 1562 842 prin-

397 892 472 957 ceps
489 872 590 956 pacis,
620 871 703 938 inter
734 891 793 938 nos
811 878 843 937 et
856 871 962 956 ipsum
978 872 1113 956 Ducem,
1145 873 1358 950 nostrumque
1377 873 1414 934 et
1430 865 1560 952 ipsius

392 977 492 1045 Ducis
508 976 698 1044 Catholicos
714 977 921 1061 Principatus
945 977 1070 1061 pacifici
1087 981 1192 1044 status
1209 977 1267 1059 pia
1282 974 1408 1041 Dinine
1446 973 1560 1040 mise·
1598 997 1600 1064 4

393 1086 533 1154 racionis
566 1105 624 1152 sue
650 1085 900 1170 dispensacione
931 1085 1200 1168 tranquillitatem
1234 1082 1394 1166 dignatus
1422 1081 1558 1148 fuisset
1598 1067 1600 1164 4

393 1193 508 1277 largiri
525 1212 673 1260 serenam
688 1217 696 1277 ;
715 1199 746 1258 et
769 1192 932 1259 mediante
947 1194 981 1258 in
992 1200 1087 1277 parte
1103 1193 1249 1258 maxima
1267 1192 1382 1277 dilecti
1401 1198 1436 1257 et
1464 1191 1553 1256 fide·
1598 1193 1600 1304 4

394 1301 437 1366 lis
461 1301 565 1366 nostri
581 1298 777 1366 venerabilis
793 1299 897 1385 patris
914 1300 1095 1383 Lodomerij
1128 1301 1194 1366 Dei
1209 1300 1324 1384 gracia
1341 1297 1555 1381 archiepis
1598 1307 1600 1392 4

396 1409 468 1491 copi
486 1407 720 1492 strigoniensis
736 1405 955 1474 sollicitudine
971 1413 1004 1484 et
1022 1407 1232 1473 exucfissima
1248 1405 1449 1490 diligencia,
1471 1424 1555 1490 prn-

397 1513 652 1598 dentissimaque
663 1514 875 1600 prouidencia
892 1520 1022 1580 ventum
1040 1519 1126 1580 esset
1146 1512 1190 1580 ad
1199 1515 1293 1598 pacis
1310 1519 1343 1579 et
1361 1510 1554 1579 concordie

396 1623 556 1709 unionem,
571 1629 844 1708 compensataque
856 1622 990 1688 fuissent
1001 1621 1147 1705 utrinque
1158 1619 1418 1687 innumerabilia
1429 1625 1467 1684 et
1479 1619 1552 1684 ine-

395 1731 574 1797 stimabilia
584 1729 704 1796 damna
715 1731 860 1796 damnis:
874 1731 1025 1797 conuenit
1034 1732 1117 1822 iuter
1128 1751 1198 1814 nos,
1217 1737 1249 1795 et
1260 1729 1384 1795 dictum
1398 1729 1551 1811 Ducem,

398 1838 657 1904 amantissimum
675 1837 813 1904 amicum
839 1845 872 1902 et
888 1837 980 1921 qnasi
992 1837 1123 1903 tratrem
1134 1844 1294 1922 nostrum,
1313 1844 1349 1902 vt
1365 1833 1549 1918 conquiee

398 1951 492 2012 cente
509 1963 548 2010 ex
565 1952 701 2029 viraque
712 1953 806 2028 parte
816 1945 1013 2030 judiciorum
1025 1951 1056 2012 et
1068 1945 1250 2028 litigiorum
1261 1945 1419 2030 strepitu,
1437 1943 1548 2010 omni-

397 2055 457 2119 bus
473 2038 607 2139 hia‚'qui
624 2059 745 2138 nostro,
763 2054 815 2118 vel
825 2052 942 2137 prefati
955 2051 1230 2135 Ducismandato,
1248 2049 1479 2118 conniuencia
1493 2050 1549 2115 rel

399 2179 557 2227 consensu
570 2161 689 2227 damna
701 2159 855 2227 dederunt
867 2162 919 2227 vcl
929 2161 1066 2228 iniurias
1078 2158 1437 2246 irrogarunt,remissio
1448 2158 1547 2224 fieret

399 2265 578 2332 debitorum
599 2265 791 2349 simpliciter
806 2267 887 2332 etde
898 2267 997 2353 plano
1010 2293 1017 2332 :
1030 2267 1212 2334 Pornoldus
1228 2267 1346 2333 Comes
1364 2265 1548 2349 Galespru-

405 2394 501 2458 neer,
527 2394 586 2458 pro
610 2377 829 2459 occupacione
850 2377 971 2458 jurium
997 2376 1223 2460 temporalium
1249 2383 1282 2442 et
1309 2373 1548 2457 spiritualium

400 2480 712 2566 Archiepiscopatus
730 2483 970 2565 Strigoniensis,
987 2483 1159 2550 inuasione
1176 2483 1449 2568 possessionum,
1471 2501 1546 2565 per·

401 2589 591 2674 petracionc
602 2587 903 2671 cedium‚horrendo
914 2591 1061 2658 villarum
1072 2591 1236 2673 incendio,
1246 2591 1370 2656 Diuino
1382 2589 1547 2656 damnata

394 2693 521 2776 jndicio
554 2697 751 2762 decimarum
783 2697 992 2763 nihilominus
1020 2699 1257 2781 uscurpacione
1274 2698 1379 2782 ipsius
1397 2715 1539 2763 reuera·

401 2803 474 2868 bilis
490 2805 598 2888 patris
615 2802 797 2887 Lodomerij
815 2805 876 2870 Dei
892 2806 1005 2888 gracia
1021 2805 1270 2891 Archiepiscopi
1288 2803 1542 2888 Strig'oniensis‚

402 2909 547 2992 legitime
564 2917 595 2976 et
612 2911 767 2976 canonice
778 2911 879 2976 latam
896 2912 928 2976 iu
945 2932 981 2978 se
998 2917 1030 2977 et
1045 2913 1176 2998 iussos,
1195 2913 1304 2980 illiciti
1324 2908 1474 2978 mandati
1491 2909 1545 2976 sui
1598 2963 1600 2990 ÷

402 3009 602 3105 executores,
621 3017 823 3084 sentenciam
840 3019 1039 3105 excepisset5
1057 3023 1293 3105 premissorum
1309 3020 1443 3104 quidem
1461 3019 1543 3085 faci·
1598 3031 1600 3106 4

404 3145 517 3190 norum
536 3145 626 3194 reum
645 3144 681 3190 se
697 3145 762 3190 non
781 3145 916 3213 negans,
934 3128 993 3193 sed
1009 3129 1095 3194 unde
1111 3129 1226 3194 illicite
1241 3129 1360 3195 ablata
1376 3125 1539 3208 redderet,
1598 3107 1600 3150 ³

404 3251 467 3298 non
484 3230 603 3299 habere
619 3251 655 3297 ae
672 3251 821 3298 asserens
830 3283 839 3318 ,
866 3233 976 3317 sicque
994 3235 1214 3301 absolucionis
1242 3235 1440 3301 heneficium
1457 3235 1538 3299 obti-
1598 3263 1600 3314 ;

403 3359 480 3406 nere
496 3360 560 3405 non
577 3342 699 3422 valens,
713 3339 913 3408 ordinacioni
924 3343 1015 3425 pacis
1032 3345 1094 3411 hac
1111 3345 1285 3412 occasione
1301 3345 1465 3428 grandem
1484 3343 1540 3408 ad-
1598 3415 1600 3420 ,

404 3445 534 3510 modum
551 3445 775 3511 difficultatem
802 3449 946 3531 ingerere
972 3451 1143 3517 videretur.
1179 3453 1248 3517 Nos
1280 3472 1356 3518 cnm
1374 3451 1538 3519 uniuerso·
1599 3527 1600 3530 4

405 3571 477 3615 rum
493 3552 744 3632 Regnioolarum
756 3559 936 3620 nostrorum
947 3562 1032 3622 esset
1043 3556 1178 3624 evidens
1194 3559 1337 3642 nocioni,
1355 3557 1441 3641 quod
1451 3557 1538 3622 idem

405 3655 597 3722 venerabilis
615 3661 707 3742 pater
725 3657 808 3723 inter
825 3680 884 3726 nos
895 3667 927 3726 et
938 3660 1058 3728 dictum
1069 3664 1244 3731 Albertum
1254 3667 1381 3731 Ducem
1399 3661 1536 3750 Austris,

405 3766 614 3846 nostrumque
646 3769 679 3827 et
703 3762 805 3845 ipsius
830 3767 1055 3853 Principatus,
1082 3771 1227 3853 pacificis
1259 3789 1394 3857 semper
1409 3791 1537 3857 operam

407 3867 573 3935 ontinuam
590 3874 621 3934 et
637 3867 835 3962 indefessam
852 3871 960 3940 dando
992 3875 1118 3959 studiis,
1150 3897 1210 3944 uec
1228 3878 1377 3961 aliquam
1404 3897 1534 3946 carneam

406 3973 460 4040 vel
486 3979 685 4042 occasionem
702 3975 822 4043 directe
841 3980 893 4045 vel
925 3980 1081 4046 indirecte
1109 3985 1308 4051 damnorum
1336 3986 1391 4051 vel
1416 3986 1530 4052 iniuria
1598 4049 1600 4054 ,

404 4104 475 4150 rum
491 4082 609 4150 nedum
641 4085 808 4168 grauium,
839 4087 897 4152 sed
924 4107 984 4154 nec
1011 4090 1137 4157 leuium
1165 4094 1390 4178 quarumlibet
1406 4096 1537 4166 offensa·
1598 4089 1600 4094 ¹

405 4213 476 4260 rum
493 4193 671 4276 ingerendo
686 4195 854 4260 materiam
881 4197 1122 4284 temporalium,
1140 4202 1262 4269 damna
1278 4224 1400 4294 rerum,
1417 4181 1535 4272 familie

404 4319 463 4367 sue
479 4299 583 4378 cedes,
607 4297 805 4366 edificiorum
822 4301 979 4379 incendia,
995 4304 1193 4374 decimarum
1213 4318 1245 4375 et
1261 4311 1407 4377 aliorum
1423 4315 1530 4382 inrium

406 4425 537 4477 suorum
553 4406 767 4490 spiritualium
799 4406 918 4473 damna
949 4429 1007 4474 seu
1026 4411 1222 4502 dispendia,
1255 4437 1361 4501 vsque
1388 4421 1532 4487 adhucet

408 4517 496 4588 vltra
511 4515 625 4599 viginti
643 4534 827 4585 marcarum
850 4519 975 4600 argenti
1011 4519 1131 4606 millia,
1159 4531 1267 4606 preter
1293 4523 1466 4611 aliqualem
1484 4529 1531 4596 de·
