3124 5194
570 301 728 399 m.

74 499 319 584 strigoniensis
334 515 394 584 per
410 495 591 564 Arnoldnm
616 493 657 560 de
684 492 763 579 Eeb,
788 491 891 558 filium
908 487 1043 558 comitis
1068 487 1214 573 librabo,

1 605 2 608 ’
83 605 280 673 familiarem
296 605 443 672 iuuenem
460 605 583 670 Domus
600 609 711 670 nostre
739 597 939 667 decrenimus
959 605 1127 687 perpetuo,
1144 598 1213 687 ple'-

83 716 175 782 narie
191 722 225 782 ct
242 711 377 802 pacifice
393 711 611 794 statuendam,
627 717 722 796 prout
738 711 771 776 in
789 714 898 777 nostro
914 708 1087 794 priuilegio
1112 708 1213 778 conti·

81 831 198 909 netur3
216 842 314 908 snper
330 841 369 888 eo
385 819 492 890 eidem
508 819 645 898 Nicolao
662 826 694 886 et
710 819 780 888 suis
795 817 935 904 posteris
951 822 1141 904 perpetuum
1168 817 1211 882 si·

1 925 3 1006 Ῐ
83 931 227 998 leucium
245 929 469 1015 imponentes3
486 947 559 993 cnm
576 927 660 994 idem
677 926 833 994 Nicolaus
849 923 981 992 racione
1006 924 1103 990 unius
1128 928 1215 989 terre

76 1038 185 1103 aliam
197 1043 316 1118 terram
333 1033 500 1102 maliciose
511 1035 601 1102 nisus
618 1033 715 1100 luerit
726 1053 896 1119 occupare,
914 1031 1025 1100 eteius
1037 1031 1213 1116 priuilegia

84 1165 150 1209 non
161 1146 352 1212 contineant
363 1147 600 1210 commetaneos
611 1148 644 1208 et
654 1141 781 1208 vicinos
791 1167 798 1226 ;
810 1137 988 1225 priuilegia
1004 1159 1082 1208 uero
1098 1158 1214 1207 eorun-

83 1251 158 1317 dem
174 1251 313 1319 iratrum
328 1271 403 1318 suos
420 1249 669 1317 conterminales
687 1251 876 1316 contineant
892 1256 924 1316 et
948 1237 1118 1316 nominent
1148 1267 1216 1314 ma·

84 1358 215 1426 niseste.
230 1359 384 1425 Preterea
399 1358 499 1424 tercio
517 1355 568 1424 die
585 1364 773 1424 octauarum
785 1355 970 1442 Epiphania
979 1353 1111 1422 Domini
1127 1352 1218 1439 apud

84 1467 287 1552 strigonium
302 1467 335 1532 in
352 1471 464 1532 nostra
479 1463 621 1550 capella,
637 1465 732 1531 iuxta
748 1483 885 1531 examen
901 1463 1003 1532 nostri
1019 1463 1143 1550 iudicij,
1154 1465 1219 1530 Pe·

83 1583 152 1642 trns
169 1575 333 1656 Decanus,
349 1573 404 1638 uel
419 1570 585 1638 Johannes
602 1570 728 1656 (lomes,
745 1579 802 1638 aut
827 1592 911 1638 unus
936 1569 1035 1639 trium
1061 1588 1211 1657 procura·

1 1750 2 1754 ,
80 1690 191 1748 torum
208 1678 352 1747 eiusdem
370 1677 525 1763 capituti,
542 1685 654 1745 contra
670 1675 809 1745 eundem
825 1677 997 1746 Nicolaum
1013 1679 1042 1744 si
1058 1675 1219 1746 iurauerit

1 1857 2 1860 ,
80 1809 183 1876 snper
200 1807 249 1873 eo,
267 1795 302 1854 ut
316 1787 403 1854 idem
419 1788 574 1854 Nicolaus
591 1787 779 1870 pensionem
796 1793 878 1853 terre
893 1783 1067 1853 eorundem
1078 1786 1215 1855 fratrum

85 1905 279 1978 normarum,
296 1896 381 1962 inter
396 1895 550 1962 minorem
561 1895 758 1976 Danobium,
775 1903 807 1962 et
822 1894 909 1961 inter
924 1894 1108 1960 clausuram
1129 1913 1213 1977 nque

84 2003 260 2088 'laplucba
277 2003 462 2090 constitute,
477 2002 600 2068 eisdem
616 2001 771 2068 fratribus
788 2001 954 2068 nostriset
971 2020 1080 2066 eorum
1097 2021 1213 2086 procu-

83 2111 249 2176 ratoribus
265 2131 285 2176 a
302 2107 515 2192 quadriennio
532 2109 735 2193 negligenter
752 2117 785 2176 et
811 2111 1043 2176 contumaciter
1070 2127 1135 2174 non
1161 2107 1219 2174 de·

82 2219 198 2302 disset,
217 2217 371 2284 uidelicet
388 2216 515 2282 urnulam
534 2217 693 2300 regalium
710 2224 742 2284 et
757 2216 919 2284 usualium
946 2224 1144 2284 monetarum
1160 2241 1168 2301 ς
1186 2223 1219 2283 et

84 2323 171 2407 quod
188 2323 313 2390 eisdem
332 2323 484 2391 fratribus
500 2324 619 2391 nostris
636 2317 943 2402 contradicentibus,
960 2324 1215 2392 reclamantibus

85 2441 116 2497 et
132 2431 258 2518 inuitis,
274 2431 309 2496 in
329 2431 443 2498 eadem
459 2439 549 2498 terra
565 2453 674 2498 corum
692 2433 775 2497 inter
791 2431 947 2500 minorem
972 2431 1155 2500 Danobium
1182 2437 1215 2500 et

83 2539 272 2606 clausuram
288 2559 371 2624 aque
388 2540 558 2626 Toplycha
573 2539 736 2624 quoddam
753 2559 905 2624 magnum
921 2547 1083 2626 stagnum,
1102 2546 1134 2606 et
1151 2537 1216 2606 duo

83 2635 346 2730 fossata'magna
364 2654 396 2714 et
411 2647 542 2714 inutilia
559 2647 700 2734 fecisset,
717 2667 774 2732 per
790 2667 853 2732 que
869 2648 941 2714 nias
966 2647 1157 2714 balneorum
1183 2652 1217 2713 et

83 2754 347 2822 molendinorum
363 2773 495 2822 snorum
512 2753 747 2842 impedirisset,
758 2755 941 2822 clausuram
954 2755 1212 2821 molendinorum

78 2883 142 2946 per
158 2883 199 2930 ea
216 2860 445 2930 nichilominus
461 2862 664 2948 infirmando,
683 2861 739 2928 ubi
756 2860 840 2929 idem
865 2861 1021 2930 Nicolaus
1047 2861 1216 2945 quoddam

75 2970 193 3036 minus
210 2971 329 3036 bonum
348 2976 379 3035 et
394 2969 509 3037 inutile
525 2970 641 3038 fecisse
658 2970 862 3054 dignoscitur
878 2967 1096 3035 molendinum
1110 2993 1117 3053 ς
1146 2988 1213 3034 nen

83 3077 299 3144 considerans
316 3096 374 3144 seu
390 3077 572 3166 attendens,
589 3079 675 3162 quod
692 3079 782 3145 iuxta
799 3084 942 3144 tenorem
956 3075 1125 3162 priuilegij
1154 3075 1211 3144 Oa-

73 3184 182 3268 ,pituli
199 3184 367 3253 memorati
384 3185 494 3254 cedem
513 3186 566 3252 vie
577 3185 833 3253 molendinorum
845 3184 1077 3250 ethalneornm
1088 3202 1129 3250 ex
1140 3205 1214 3251 con-

83 3292 246 3358 uencione
262 3311 335 3358 esse
351 3294 475 3377 absque
507 3292 740 3378 impedimento
756 3291 864 3375 aliquo
881 3291 983 3358 libere
1009 3290 1212 3378 debuissent,

1 3465 2 3476 ,
86 3420 147 3466 nec
164 3397 253 3464 idem
269 3399 425 3467 Nicolaus
441 3419 539 3484 super
554 3400 670 3466 eadem
696 3407 782 3466 terra
807 3403 922 3484 ortum,
940 3399 993 3464 uel
1020 3397 1132 3467 domos
1158 3399 1216 3466 ali-

83 3526 169 3589 quas
182 3507 428 3593 construxisset,
445 3513 540 3594 prout
555 3507 590 3574 in
607 3507 778 3591 priuilegio
795 3506 938 3574 eiusdem
955 3505 1102 3592 Capituli
1128 3513 1218 3574 tene·

85 3616 204 3680 batur:
222 3633 286 3697 quc
312 3614 492 3682 iuramento
507 3615 643 3700 prestito
676 3622 708 3682 et
733 3615 884 3698 legaliter
900 3613 1074 3702 expedito,
1106 3615 1215 3699 ipsum

86 3722 263 3790 Nicolaum
280 3723 396 3789 eteius
413 3729 562 3808 posteros
585 3743 682 3807 super
701 3724 772 3791 inre
790 3723 962 3791 locationis
980 3722 1125 3792 eiusdem
1158 3733 1220 3792 ter-

88 3853 122 3900 re
152 3851 214 3918 per
240 3830 426 3899 huiusmodi
450 3832 656 3918 insolencias,
682 3832 905 3916 negligencias
936 3839 969 3899 ct
999 3831 1134 3900 illicitas
1152 3831 1219 3899 lac·
1295 3833 1297 3838 ⁴

87 3938 200 4006 ciones
225 3937 435 4008 decernemus
461 3939 576 4008 merito
592 3939 761 4022 cecidisse,
789 3939 916 4026 etius,
942 3939 970 4006 si
1002 3940 1088 4024 quod
1123 3939 1218 4007 babe-

88 4045 156 4132 bat,
190 4044 295 4110 eciam
327 4046 488 4114 amisisse.
516 4045 619 4132 Super
642 4047 729 4113 tacto
754 4053 862 4113 autem
889 4045 1058 4114 cerberum
1088 4053 1121 4112 et
1147 4045 1220 4113 uul-

89 4171 205 4220 nerum
231 4159 298 4217 tam
324 4153 467 4218 uirorum
494 4173 592 4238 quam
618 4153 799 4240 mulierum,
826 4162 858 4220 et
883 4153 1064 4220 ucrbnlium
1083 4152 1218 4219 iniuria·

88 4280 170 4346 rum,
189 4266 221 4326 et
237 4277 336 4344 super
351 4257 438 4326 facto
464 4261 692 4346 occupacionis
708 4267 792 4327 terre
808 4261 984 4328 eorundem
999 4261 1135 4328 fratrum
1163 4280 1216 4327 no

90 4376 240 4451 atrorum,
257 4366 343 4434 inter
359 4368 490 4436 vineam
505 4369 632 4436 Perat
648 4375 681 4436 et
708 4370 794 4436 inter
819 4369 988 4436 ecclesiam
1015 4367 1129 4436 Sancti
1154 4368 1219 4434 Do·

86 4473 202 4544 minici
216 4473 347 4564 situata,
364 4481 396 4542 et
411 4495 471 4562 per
486 4476 731 4562 plantacionem
746 4479 843 4546 vinee
852 4497 910 4563 per
919 4476 1026 4564 ipsum
1036 4476 1219 4564 Nicolaum,
1260 4503 1265 4508 ·

1 4666 2 4669 Ἴ
84 4587 127 4647 at
142 4581 270 4669 dieitur,
286 4590 461 4670 occupate;
479 4589 575 4669 prout
590 4583 623 4649 in
640 4590 749 4653 nostro
764 4583 939 4669 priuilegio
955 4581 1074 4653 exinde
1088 4603 1220 4654 muces-

137 4715 240 4756 rrorrurr.
258 4717 341 4756 mc.
359 4717 429 4755 arar.
448 4731 487 4743 —
506 4718 578 4756 oren.
597 4713 633 4758 ts.
977 4715 979 4722 ’
1017 4695 1057 4761 13
