3180 5202
566 331 726 436 aa

4 611 6 626 Α
189 523 311 598 Verum
328 530 406 613 quia
422 529 587 616 predictus
604 533 699 598 Mark
715 531 840 618 pluries
866 531 994 620 citatus,
1021 541 1053 600 et
1078 555 1136 619 per
1160 527 1207 603 ina

4 629 12 762 *f
76 638 308 706 troducciones
326 639 544 724 possessionis
561 661 620 708 sue
636 642 794 724 legittime
818 639 923 707 iactas
940 648 972 708 et
987 641 1119 727 publice
1134 663 1209 729 pro·

4 769 6 836 ξ
76 747 259 831 clamatam
292 747 371 814 item
388 746 463 830 quia
479 748 644 833 predictus
670 749 785 816 Comes
811 748 968 835 Rozboyd
1000 769 1097 835 super
1122 750 1210 816 facto

4 887 5 898 a
75 853 254 920 diuisionis
280 853 523 937 possessionum
554 875 683 922 suarum
709 856 836 922 litteras
867 856 1007 940 Capituli
1025 855 1067 923 de
1082 855 1212 942 Pcsoga

4 961 6 1048 ᾗ
76 959 246 1049 exhibere,
265 967 298 1027 et
310 982 408 1048 super
424 961 572 1030 indebita
589 964 748 1031 citatione
770 964 944 1031 emendare
960 984 995 1032 se
1012 962 1047 1028 in
1062 964 1211 1049 pluribus

4 1069 5 1120 ἶ
74 1069 228 1136 terminis
255 1071 433 1156 assumptis
460 1079 493 1139 et
518 1071 678 1155 legittime
704 1072 880 1155 assignatis
898 1072 1130 1138 contumaciter
1146 1091 1211 1138 non

4 1175 6 1232 ἑ
75 1179 219 1265 curauit,
238 1185 270 1244 et
292 1178 326 1244 in
342 1176 492 1264 predicta
511 1178 671 1246 ditacione
688 1179 824 1266 illicita,
843 1179 1000 1265 indebita,
1015 1179 1212 1264 inlegittima

50 1319 53 1328 ·
78 1287 192 1354 omnia
208 1293 323 1353 eontra
353 1286 618 1355 consuetudinem
643 1289 750 1372 Regni
774 1288 989 1372 approbatam
1006 1285 1114 1375 lacta,
1145 1307 1212 1354 non

4 1437 6 1486 g
76 1395 318 1480 comparando,
336 1416 396 1462 nec
411 1397 587 1485 mittendo,
619 1401 651 1462 et
675 1399 708 1462 in
725 1396 872 1477 omnibus
888 1395 967 1479 alijs
983 1395 1128 1462 articulis
1143 1414 1212 1480 pre-

4 1499 9 1578 ζ»
77 1503 191 1570 missis
207 1503 305 1570 modo
321 1505 491 1590 prehabito
512 1505 642 1590 penitus
658 1503 795 1570 defecit:
813 1523 872 1570 nos
888 1503 1010 1569 nemini
1026 1503 1058 1568 in
1075 1503 1213 1571 suoiure

77 1609 180 1677 desse
191 1607 277 1697 (lgy)
289 1612 446 1699 uolentes,
456 1632 522 1678 vna
533 1632 605 1679 cum
614 1610 739 1677 Thomu
754 1608 961 1677 filioAndree
977 1607 1100 1676 Comite
1116 1609 1214 1676 Nitri-

4 1737 8 1800 Ji
78 1721 155 1784 ensi
166 1727 200 1784 et
217 1719 393 1807 Borsicnsi,
403 1721 560 1803 Magistro
576 1720 714 1786 Nicolao
729 1718 898 1804 Proposito
910 1717 1071 1786 Bonnensi
1086 1715 1212 1783 Cumite

4 1823 7 1912 ξ
80 1825 220 1912 Capella
237 1830 270 1891 et
285 1824 471 1892 Secretario
496 1825 619 1893 domini
635 1823 767 1892 Andree
798 1824 937 1891 lllustris
953 1824 1052 1908 Regis
1069 1822 1214 1905 Vngarie

4 1927 10 2018 'i
79 1932 211 2000 domini
226 1933 338 2020 nostri,
354 1933 510 2018 Magistro
526 1933 680 2001 Farcasio
697 1933 763 2001 filio
780 1933 923 2017 Folkus,
952 1931 1079 1999 Comite
1094 1930 1213 1997 Mrdew

4 2102 10 2134 2„
80 2041 150 2108 lilio
167 2039 321 2126 Sebreth‚
339 2046 373 2104 et
389 2040 466 2123 alijs
483 2041 646 2109 nobilibus
662 2041 767 2124 Regni
783 2060 840 2125 par
856 2038 1021 2106 dominum
1037 2041 1159 2122 Regem
1169 2037 1214 2103 ad

4 2149 8 2174 ⁵
80 2144 325 2235 expediendum
342 2147 448 2231 ipsum
465 2149 637 2231 negocium
663 2149 851 2232 specialiter
876 2145 1048 2232 deputatis,
1075 2146 1155 2212 uisis
1180 2154 1213 2212 et

4 2247 20 2346 ’,Ι
80 2255 243 2342 perlectis
259 2251 407 2321 omnibus
426 2255 541 2321 litteris
557 2275 654 2340 super
670 2255 791 2323 eisdem
808 2256 917 2322 causis
927 2255 1086 2342 processis
1098 2259 1130 2320 et
1140 2272 1214 2318 uon·

4 2517 6 2562 3
80 2471 179 2538 uione
196 2469 275 2537 ville
291 2470 395 2556 ipsius
411 2471 560 2556 Magistri
576 2472 736 2539 Johannis
763 2472 942 2539 Karaclrna
969 2475 1084 2539 uocate
1109 2471 1143 2535 in
1168 2470 1215 2536 ui·
1262 2513 1263 2516 =

79 2579 166 2663 gilla
183 2578 278 2644 Beati
295 2578 468 2663 Laurencij
487 2579 629 2646 martiris
645 2588 785 2665 quatuor
801 2583 896 2647 annis
913 2581 979 2646 iam
998 2579 1119 2664 elapsis
1136 2579 1214 2646 irro-

4 2711 6 2760 t
81 2692 175 2771 gata,
193 2683 334 2770 dampno
351 2689 525 2771 sexaginta
541 2709 722 2755 marcarum
738 2689 772 2756 in
804 2689 975 2757 oblacione
1004 2707 1156 2770 equorum
1182 2693 1215 2752 et

83 2795 226 2860 aliorum
252 2794 463 2881 animalium,
495 2815 592 2879 super
622 2797 737 2880 quibus
762 2797 847 2862 idem
864 2797 1022 2878 Magister
1047 2793 1214 2861 Johannes

4 2877 9 2994 ξ
84 2911 206 2970 contra
222 2902 361 2968 eundem
392 2903 487 2969 Maris
511 2924 548 2972 se
573 2903 701 2972 dicebat
731 2905 853 2972 habere
886 2904 1051 2971 accionem
1082 2905 1216 2986 propter

4 2997 6 3058 ἰ
83 3009 331 3093 negligenciam
349 3013 628 3080 etuontumaaiam
644 3034 755 3097 suam;
772 3014 849 3079 item
860 3010 1041 3098 predictum
1059 3008 1216 3076 Comitem

4 3155 5 3160 κ
84 3116 247 3202 Rouboyd
264 3119 298 3184 in
314 3139 378 3184 non
396 3119 601 3187 exhibicione
620 3123 801 3187 litterarum
827 3140 925 3203 super
939 3118 1025 3184 facto
1043 3115 1215 3184 diuisionis

85 3225 332 3311 possessionum
349 3247 491 3314 suarum,
509 3235 541 3294 et
556 3236 693 3313 propter
708 3227 826 3295 salsam
843 3221 1046 3311 citaoionem,
1063 3223 1218 3306 iniquam,

4 3357 8 3406 ·.
86 3334 282 3420 indebitam,
293 3341 326 3402 et
336 3343 450 3404 contra
463 3334 727 3406 consuetudinem
739 3336 955 3422 approbatam
965 3333 1072 3420 Regni
1087 3333 1219 3418 iactam,
1349 3421 1352 3426 1
1404 3357 1405 3360 “

4 3433 6 3480 4
89 3449 123 3508 ct
138 3442 245 3508 eciam
262 3441 349 3510 iacto
365 3445 538 3530 principali
554 3444 699 3511 eiusdem
715 3445 862 3530 superius
878 3461 1051 3529 expresso,
1076 3439 1219 3508 decreui-

88 3567 163 3616 mus
175 3547 246 3614 iure
262 3550 441 3618 conuictos.
451 3553 492 3617 Et
502 3552 664 3635 predictas
676 3551 901 3637 possessiones
911 3550 1051 3617 Tulman
1062 3554 1092 3612 el
1102 3543 1221 3611 Lanka

89 3663 230 3726 uocatas
248 3659 384 3728 Comitis
400 3661 559 3746 Rozboyd
585 3668 618 3728 et
632 3659 728 3728 Mark
753 3659 990 3746 predictorum,
1018 3679 1089 3724 cum
1107 3674 1219 3721 earun·

4 3753 6 3804 ἶ
90 3765 167 3832 dem
187 3765 385 3836 utilitatibus
402 3774 434 3834 et
451 3769 661 3854 pertinencijs
677 3769 838 3836 uniuersis
864 3773 1066 3854 prouentum
1084 3770 1115 3832 et
1129 3761 1221 3846 quin-

4 3875 7 3974 i
91 3873 256 3957 quaginta
278 3877 397 3943 marcis
414 3877 474 3944 sub
491 3877 675 3944 testimonio
694 3876 839 3962 Capituli
864 3869 1221 3958 Quinqueecclesienais

91 3980 273 4066 estimaias,
291 3984 326 4051 in
343 3984 472 4052 duabus
487 3985 634 4072 partibus
651 3985 746 4053 nobis
762 3991 927 4067 tamquam
939 3980 1055 4067 judici,
1070 3980 1104 4044 in
1120 3976 1223 4044 tercia

4 4085 6 4170 ξ
93 4109 175 4157 uero
191 4096 286 4176 parte
302 4091 408 4159 eidem
425 4093 581 4177 Magistro
597 4093 741 4160 Johanni
767 4091 854 4178 parti
870 4089 1005 4156 aduerse
1021 4086 1222 4169 reliquimus,
1254 4086 1258 4096 ’

91 4197 271 4266 statuimus
288 4205 320 4264 et
337 4198 519 4268 dimisimus
534 4207 690 4286 perpetuo
706 4196 921 4284 possidendas
939 4202 971 4264 et
985 4194 1173 4276 habendas3
1192 4197 1225 4255 et

61 4315 64 4318 ’
98 4305 186 4372 idem
203 4305 360 4390 Magister
385 4306 552 4376 lohannes
578 4309 762 4394 porcionem
787 4313 929 4375 nostram
946 4303 1081 4390 deipsis
1097 4319 1225 4388 posscs-

4 4413 9 4514 ᾗ
97 4413 246 4484 sionibus
263 4436 286 4484 a
300 4416 395 4484 nobis
413 4415 550 4482 redemit
574 4417 668 4483 nobis
685 4412 916 4482 satisfaciendo
932 4412 973 4480 de
989 4410 1120 4478 eisdem.
1139 4409 1225 4475 Mete

4 4517 14 4572 l·
97 4527 208 4587 autem
223 4521 440 4607 predictarum
451 4529 618 4609 terrarum,
630 4524 713 4591 siout
729 4525 762 4590 in
773 4522 889 4590 litteris
905 4517 1047 4606 Capituli
1063 4517 1227 4601 Quinque-

4 4669 6 4714 ἓ
97 4629 311 4698 ccclesiensis
328 4630 486 4698 contineri
503 4631 653 4718 uidimus,
679 4631 740 4698 hoo
756 4631 870 4698 ordine
890 4627 1128 4711 distinguntur:
1144 4622 1225 4690 Inui-

141 4761 248 4804 rrosusr.
264 4763 494 4807 suue.s1sr.-
510 4765 620 4803 onnon.
638 4759 675 4805 lu.
1022 4741 1065 4810 25
