3124 5194
864 923 940 992 108.

334 1121 368 1186 Α
377 1124 537 1210 pozsoayi
553 1119 774 1208 kdptalarmak
789 1118 1161 1206 bizouyrrtplevelahopp
1178 1121 1292 1187 Simon
1311 1119 1449 1206 Cdepemk

323 1231 375 1314 fia
390 1228 535 1296 Kotobuu
552 1228 620 1292 leva
638 1225 836 1293 birtokrdszdt
846 1225 953 1291 eladio
967 1223 1078 1310 Oupai
1086 1228 1178 1291 Peter
1188 1227 1351 1293 comesuris.
1361 1227 1448 1290 1194.

441 1422 508 1488 Nos
525 1417 709 1504 Capitulum
724 1417 871 1484 Eeolesie
886 1417 1093 1486 Posoniensis
1103 1419 1324 1503 significamus
1334 1420 1451 1486 uniuer-

332 1531 380 1600 sis
396 1529 513 1612 quibus
529 1525 661 1612 expedit
677 1545 735 1610 per
750 1525 1030 1610 presentes,‘quod
1047 1525 1228 1593 constitutis
1244 1545 1352 1593 eoram
1367 1525 1451 1592 nobis

332 1633 549 1723 personaliter
564 1633 722 1716 Magistro
737 1633 835 1698 Petro
854 1631 955 1696 fratre
971 1633 1106 1699 Comitis
1132 1633 1285 1717 Farkasij
1304 1631 1344 1700 de
1368 1634 1452 1715 Orga

335 1743 379 1809 ab
394 1762 460 1808 una
484 1747 588 1826 parte,
607 1740 749 1823 Symone
768 1738 837 1803 filio
857 1737 965 1820 Ohege
991 1759 1062 1804 oum
1087 1738 1155 1804 filio
1182 1759 1241 1806 suo
1258 1741 1373 1806 Corma
1387 1758 1451 1804 oon-

335 1850 441 1918 sessus
459 1855 509 1915 est
525 1846 656 1918 oraculo
671 1845 747 1912 uiue
762 1847 862 1931 noeis,
877 1844 963 1928 quod
982 1848 1053 1932 ipse
1069 1845 1109 1913 de
1124 1855 1211 1915 terra
1226 1868 1288 1915 sua
1302 1843 1453 1913 heredita·

334 1957 386 2024 ria
400 1955 506 2021 minus
522 1973 586 2019 vno
602 1952 738 2036 triginta
763 1953 876 2036 iugera
892 1959 1051 2018 terrarum
1068 1954 1263 2041 arabilium,
1288 1953 1352 2020 sita
1366 1953 1397 2018 in
1412 1953 1453 2018 in·

335 2061 444 2128 feriori
471 2067 563 2145 parte
574 2067 657 2127 terre
676 2059 765 2126 Kato
781 2077 893 2125 uersus
905 2060 1072 2146 orientem,
1082 2061 1267 2128 uendiderit
1282 2061 1383 2129 eidem
1394 2061 1454 2126 Ma-

333 2169 437 2254 gistro
453 2169 558 2250 Petro,
577 2173 610 2232 et
625 2186 683 2252 per
699 2186 771 2232 eum
791 2165 965 2234 heredibus
981 2170 1068 2253 suis,
1093 2169 1313 2252 heredumque
1329 2187 1452 2234 suorum

333 2273 575 2343 suecessoribus
591 2292 649 2356 pro
666 2273 768 2338 tribus
784 2273 901 2338 mareis
920 2273 1124 2341 denariorum
1134 2274 1452 2342 Wiennensiuminre

332 2387 488 2466 perpetuo
505 2387 537 2444 et
562 2377 819 2444 irrenoeabiliter
834 2379 1077 2461 possidendam.
1104 2379 1208 2457 Quam
1234 2401 1392 2447 summam
1407 2399 1455 2466 pe·

332 2487 428 2554 ennie
444 2487 591 2572 prefatus
607 2485 729 2570 Symon
745 2507 816 2551 oum
829 2484 893 2552 filio
909 2506 967 2552 suo
979 2486 1098 2552 Gozme
1113 2489 1154 2552 ab
1171 2487 1285 2554 eodem
1302 2487 1453 2571 Magistro

249 2581 262 2592 ”
334 2595 430 2661 Petro
447 2594 594 2678 plenarie
611 2613 646 2658 se
663 2593 827 2676 reoepisse
841 2592 875 2656 in
892 2595 994 2658 nostri
1020 2595 1192 2676 presencia
1218 2602 1267 2662 est
1284 2596 1452 2662 confessus.

334 2699 501 2781 obligauit
518 2699 619 2763 oriam
637 2717 673 2763 se
690 2698 811 2783 Symon
829 2701 994 2782 predictus
1021 2721 1092 2767 eum
1109 2703 1174 2793 filio
1200 2719 1259 2767 suo
1285 2702 1402 2767 Corma
1424 2699 1453 2764 in

333 2807 421 2872 huno
441 2807 582 2888 modnm;
599 2803 684 2888 quod
702 2805 887 2887 quicunque
903 2813 1248 2892 prooessutemporum
1260 2807 1453 2892 sepedictum

334 2913 526 2996 Magistrum
543 2915 674 2979 Petrum
693 2912 824 2977 racione
841 2919 926 2978 terre
942 2913 1069 2996 prefate
1084 2915 1240 2998 impetere
1257 2913 1396 2981 forsitan
1414 2919 1453 2977 at·

335 3024 515 3103 temptaret,
549 3019 621 3102 ipse
646 3017 767 3100 Symon
784 3020 1062 3102 sepenominatus
1079 3041 1151 3085 enm
1168 3019 1234 3086 filio
1261 3041 1320 3086 suo
1345 3019 1454 3085 Corma

334 3129 529 3194 tenebuntur
545 3124 682 3192 eundem
699 3124 890 3206 Magistrum
906 3126 1038 3192 Petrum
1065 3127 1221 3213 expedire
1247 3127 1389 3212 proprijs
1413 3128 1453 3192 la·

336 3235 467 3300 boribus
484 3241 516 3299 et
532 3231 692 3317 expensis.
709 3231 746 3295 In
765 3231 856 3298 onius
873 3231 920 3296 rei
936 3235 1123 3300 memoriam
1134 3241 1301 3319 presentes
1314 3233 1452 3300 dedimus

239 3379 241 3391 ·
333 3340 460 3407 litteras
476 3339 577 3423 sigilli
595 3336 697 3404 nostri
712 3338 890 3404 munimine
908 3341 1087 3408 roboratas.
1099 3343 1218 3408 Datum
1231 3361 1316 3406 anno
1327 3339 1449 3406 Domini

334 3447 453 3514 M⁰CC⁰
468 3448 682 3529 nonagesimo
699 3452 833 3528 quarto..

308 3651 311 3655 '
333 3642 475 3709 (Eredetie
500 3639 676 3712 bdrhrirtydn,
699 3643 813 3708 melyrdl
834 3657 851 3693 u
882 3643 1069 3709 kiptulannak
1093 3643 1213 3711 poesdtje
1237 3641 1452 3710 htrtyazsrneger

586 3733 671 3798 idm
684 3747 701 3784 n
716 3729 798 3782 bndai
811 3733 863 3784 kir.
878 3734 1001 3786 kannensi
1014 3731 1206 3798 levdltdrban.)
