3124 5194
881 944 957 1013 142.

349 1145 416 1212 ΙΙΙ.
434 1143 545 1212 ordre
562 1141 742 1226 kirdlyook
768 1163 939 1230 poraneus
963 1165 985 1206 o
997 1144 1090 1228 pessi
1114 1141 1336 1231 ldptolsmlroz
1361 1162 1472 1229 onyas·

711 1271 793 1314 ason
810 1251 984 1336 tdrqybon.
1001 1247 1101 1314 1296.

457 1428 610 1495 Andreas
621 1427 682 1492 Dei
693 1425 806 1512 graeia
815 1427 886 1494 Rex
896 1426 1063 1511 Hungerie
1080 1427 1231 1492 fidelibus
1247 1425 1317 1493 suis
1334 1424 1472 1510 capitulo

349 1533 691 1619 Quinqueeoelesiensi
713 1533 855 1600 salutem
882 1541 915 1601 et
941 1534 1098 1616 graciam.
1124 1531 1297 1599 lntimeuit
1313 1531 1407 1598 nobis
1419 1533 1473 1599 Go-

350 1661 419 1708 mes
434 1639 614 1708 Oorrsrdus
631 1641 672 1708 de
688 1641 805 1724 Owen
822 1641 912 1724 quod
926 1640 1082 1724 Magister
1097 1641 1224 1708 Kemen
1242 1638 1331 1707 filins
1349 1637 1473 1706 Comitis

347 1751 534 1835 Laurenoij,
553 1757 585 1816 et
601 1749 783 1836 Phylippus
809 1749 897 1814 filius
912 1749 1059 1834 Philone,
1076 1748 1173 1815 villus
1189 1767 1269 1815 suas
1285 1748 1432 1815 Kemund
1447 1752 1474 1814 et

351 1855 465 1942 Ketlh,
481 1875 521 1923 uo
536 1856 699 1938 Hessegh,
719 1857 794 1922 item
811 1855 977 1940 Pollione,
1003 1856 1088 1922 Yule
1104 1863 1135 1922 et
1151 1856 1234 1924 dues
1262 1856 1362 1923 uillas
1377 1856 1472 1920 Theer

351 1970 487 2030 uocales
504 1963 729 2050 destruxisset,
755 1963 850 2028 bonis
877 1963 1027 2029 omuibus
1042 1961 1230 2046 spoliand03
1248 1970 1283 2028 et
1299 1961 1390 2029 faeta
1404 1964 1471 2029 oits-

232 2096 238 2102 ·
369 2074 443 2138 ione
459 2091 517 2157 per
535 2071 672 2137 eundem
690 2072 882 2155 Magistrum
899 2069 1091 2137 Correldum
1101 2121 1110 2155 ,
1135 2069 1335 2137 secundario
1352 2067 1471 2136 eosdem

352 2178 448 2244 uillas
464 2178 520 2244 lite
536 2177 698 2262 pendente
714 2175 936 2244 destruxisset.
967 2176 1075 2255 Quare
1090 2176 1240 2244 fidelitati
1256 2159 1367 2244 vestre
1381 2173 1471 2263 preel-

351 2282 469 2370 piendo
480 2282 681 2368 mundamus,
691 2290 855 2367 quatenus
865 2283 950 2350 detis
960 2283 1179 2350 testimonium
1199 2289 1357 2372 vestrum,
1375 2301 1470 2349 eorem

351 2410 414 2476 quo
430 2388 615 2457 Alexander
624 2390 666 2457 de
677 2389 790 2474 Ozugd
806 2391 901 2458 homo
923 2398 1031 2458 noster
1047 2391 1130 2457 soiat
1147 2397 1179 2457 et
1194 2389 1341 2474 inquiret
1357 2389 1396 2457 de
1410 2409 1470 2476 pre

350 2495 447 2564 dietis
463 2497 743 2564 destruccionibus
770 2497 989 2566 omnimodam
1015 2498 1204 2582 ueritatem3
1229 2503 1262 2563 et
1278 2498 1364 2564 sieut
1387 2497 1470 2565 uobis

350 2605 390 2671 de
406 2605 575 2690 premissis
591 2605 713 2672 ueritus
723 2605 914 2690 eonstiterit,
931 2605 1026 2673 nobis
1043 2605 1183 2672 fideliter
1198 2604 1397 2673 rescribetis.
1413 2605 1469 2672 Du·

350 2721 417 2781 tum
432 2730 533 2798 prope
558 2712 692 2796 Kuzegh
723 2719 841 2798 quartu
873 2711 926 2780 die
953 2719 1140 2780 oeteuurum
1166 2711 1364 2781 Natiuitatis
1378 2712 1470 2780 Beate

349 2817 495 2904 Virginis
512 2818 671 2886 Glorioso.

349 2979 383 3044 (A
397 2981 470 3048 pdosi
489 2978 676 3048 kdptslsnnslx
696 2987 832 3047 ugyunant
845 2980 1003 3032 turtslmusd
1012 2977 1194 3045 jelentdsdbdl
1213 2996 1230 3032 s
1255 2978 1332 3033 mels.
1345 2977 1466 3043 b.1ttny

774 3067 867 3122 essltd
880 3065 1087 3133 reverentem.)

805 3353 1018 3366 m

874 3887 947 3954 143.

353 4084 416 4155 ΙΙΙ.
435 4082 546 4151 Eodre
562 4085 819 4170 tirdlyoolcmo's
824 4105 992 4171 paroneeo
1005 4108 1025 4149 α
1031 4085 1125 4173 poesi
1135 4083 1350 4170 lrdptulonhoz
1358 4101 1463 4171 oqyos·

720 4213 799 4258 ozon
824 4193 989 4278 tdryybon.
1006 4193 1102 4258 1296.

459 4366 609 4436 Andreas
626 4368 689 4435 Dei
714 4369 828 4452 grecie
852 4369 922 4433 Rex
940 4365 1108 4451 Hungarie
1131 4365 1282 4434 fidelibus
1299 4364 1367 4434 suis
1382 4359 1462 4447 (lepi-

351 4479 419 4542 tulo
435 4475 779 4560 Quinqoeeoolesieusi
810 4475 950 4542 salutem
985 4483 1017 4540 et
1049 4475 1202 4557 graelum.
1240 4473 1459 4551 intelleximus,

353 4579 439 4667 qnod
458 4581 624 4666 Philippus
639 4583 725 4649 lilius
736 4581 874 4666 Philpus
900 4581 1096 4649 destruxerit
1109 4580 1192 4648 lerie
1207 4581 1314 4648 tersio
1329 4577 1461 4666 proxime
