3234 5194
569 448 573 457 .
668 355 772 458 41..

124 553 302 638 rectificare,
320 561 352 621 ct
368 562 480 622 nostro
495 553 703 638 dignaremur
719 555 891 640 priuilegio
901 558 1100 624 confirmare.
1118 555 1260 634 Quorum

121 662 257 746 quidem
274 661 526 748 priuilegiorum
541 667 670 730 tenores
686 663 771 730 tiles
787 669 882 728 sunt:

231 769 403 836 Elisabeth
417 771 460 864 D.
477 791 526 854 gr.
543 769 670 854 Regina
684 761 855 852 Hungarie
876 770 939 836 eth.
956 767 1172 856 (hovethczik
1198 773 1257 837 Er·

123 879 238 944 zsebet
254 876 475 962 kirtlynenalr
502 875 638 944 ruso-ki
666 875 947 962 adomtnylerele,
972 876 1054 943 mint
1078 878 1256 964 gydjtemt-

124 986 242 1073 nytlnk
260 986 315 1051 IV.
332 985 507 1052 kbteteben
524 986 599 1050 219.
617 984 653 1068 l.)

233 1093 405 1160 Elisabeth
420 1095 461 1158 D.
479 1114 527 1177 gr.
542 1092 671 1176 Regino
686 1090 851 1175 Hungarie
868 1091 930 1158 stb.
958 1090 1173 1180 (kbvetlrezih
1198 1094 1253 1158 Er-

125 1203 238 1270 tsebct
252 1202 478 1290 kirtlynenalr
496 1203 631 1271 12891ιί
648 1207 843 1285 megcrbsltb
861 1203 1036 1290 olrmtnyo,
1054 1204 1136 1270 mint
1163 1224 1193 1270 u.
1223 1225 1252 1272 o.

128 1307 262 1396 341.1.)

235 1417 302 1484 Nos
343 1417 442 1517 igitur
473 1415 686 1502 peticionibus
718 1417 864 1485 ciusdem
895 1419 1043 1503 Magistri
1073 1419 1251 1487 Andronici

123 1522 287 1608 Prepositi
302 1517 568 1608 wesprimiensis
584 1523 679 1589 iustis
697 1530 729 1588 et
742 1523 900 1608 legitimis
913 1524 1135 1593 fauorabiliter
1163 1527 1252 1596 incli-

122 1634 210 1712 nate,
227 1627 375 1714 predicta
389 1629 564 1714 priuilegia
578 1629 706 1696 domine
721 1631 889 1698 Elisabeth
904 1631 1028 1716 Regius
1052 1653 1117 1699 non
1145 1653 1256 1719 suspe-

123 1745 190 1822 cta,
206 1757 271 1803 non
287 1739 481 1819 cancellata,
499 1759 564 1804 non
580 1740 701 1805 abrasa
727 1746 758 1804 et
783 1760 850 1806 non
876 1739 1009 1826 abolita,
1034 1741 1254 1826 approbantes

125 1843 324 1912 ratificamus
340 1846 546 1931 presentibus
561 1844 661 1910 inseri
677 1845 834 1914 iacientes
862 1854 894 1912 et
918 1847 1121 1932 presencium
1151 1857 1255 1930 potro-

123 1952 212 2048 cinio
228 1953 427 2020 communiri.
442 1955 481 2020 In
497 1957 588 2020 ouius
615 1956 663 2020 rei
687 1953 876 2021 memoriam
901 1953 1152 2036 firmitatemque
1181 1975 1255 2040 per·

121 2064 258 2147 petuam
274 2072 443 2148 presentes
459 2061 678 2130 concessimus
704 2063 830 2129 litteras
857 2063 999 2148 duplicis
1024 2061 1127 2146 sigilli
1153 2063 1255 2130 nostri

119 2167 301 2236 munimine
317 2164 494 2239 roboratos.
512 2171 632 2236 Datum
649 2190 707 2254 per
724 2189 839 2236 manus
856 2169 1054 2237 venerabilis
1069 2169 1171 2254 patris
1198 2169 1252 2239 do·

119 2277 205 2342 mini
222 2275 352 2342 Andree
367 2275 431 2344 Dei
447 2277 559 2360 gracia
574 2277 729 2362 Episcopi
745 2276 914 2361 Agriensis'
930 2275 1006 2343 aule
1031 2283 1141 2344 nostre
1169 2276 1253 2344 Oan-

122 2385 254 2469 cellarij
273 2383 381 2452 fidelis
398 2384 510 2471 nostri,
526 2405 613 2452 anno
628 2384 759 2453 Domini
776 2383 896 2454 Μ’(Κὶ0
911 2385 1123 2470 nonagesimo
1139 2384 1252 2472 primo.

118 2581 264 2648 (Eredstis
277 2580 454 2650 bdrhdrtydm
467 2581 715 2651 melprdl'apecsdt
737 2580 1074 2652 sdrgasblddbolyassinr'l
1100 2583 1255 2650 selycmssi·
1332 2565 1335 2574 ¹

301 2671 387 2724 ndron
400 2673 518 2740 fflggbtt‚
532 2690 549 2726 a
562 2671 714 2740 vesnprdrni
726 2670 859 2740 kdptalen
875 2668 1082 2739 levbltirtbon.)

585 2954 798 2964 -υ-μ-...ηι--ι

658 3487 714 3556 tl.

1 3736 2 3749 ,
113 3692 139 3754 1
140 3689 181 3754 V.
209 3688 330 3756 buthe
349 3692 448 3775 pc'pu
456 3689 560 3755 Jcnos
577 3687 943 3774 fmcuccceudc'burcttot
967 3688 1105 3754 kiucuezc'
1128 3685 1249 3771 judrci

556 3795 709 3860 ersekack.
728 3797 826 3860 1291.
843 3867 853 3884 ⁸

230 3993 519 4062 Nicolous'scrvus
535 4010 701 4059 servorum
717 3991 779 4058 Dei
795 3989 977 4058 venerabili
993 3988 1085 4057 fratri
1111 3991 1254 4066 iohanni

117 4100 378 4186 Archiepiscopo
389 4100 541 4168 Jadrensi
556 4101 695 4167 salutem
712 4103 744 4166 et
754 4099 975 4184 Apostolicam
985 4097 1253 4168 benedictionem.

1 4229 2 4292 ζ
114 4209 172 4276 Ad
188 4209 397 4278 Universalis
424 4208 569 4276 Ecclesie
589 4208 734 4292 regimen
761 4207 882 4274 Divina
907 4205 1119 4294 dispositione
1145 4209 1254 4274 vocati

115 4319 211 4386 circa
227 4321 349 4384 statum
366 4316 538 4384 cuiuslibet
554 4318 658 4384 aciem
684 4315 822 4382 sollicite
850 4315 1115 4384 considerationis
1143 4322 1253 4382 exten·

116 4425 240 4512 dimus,
257 4424 430 4510 pastoralis
447 4430 559 4509 partes
576 4423 678 4490 officii
695 4423 885 4510 vigilantius
910 4421 1110 4509 adhibentes,
1129 4429 1165 4488 ut
1192 4423 1252 4488 Ec-

1 4565 2 4568 *
116 4531 221 4601 clesie
238 4531 368 4614 singule
382 4551 403 4598 a
417 4533 600 4618 pastoribus
617 4534 836 4616 gubernentur
845 4531 993 4617 ydoneis,
1014 4535 1046 4596 et
1061 4529 1251 4597 Rectoribus

116 4639 258 4710 utilibus
274 4637 498 4725 disponantur.
515 4639 643 4710 Dudum
660 4639 823 4726 siquidem
848 4638 1001 4715 Jadrensi
1024 4636 1172 4704 Ecclesia
1197 4655 1255 4722 per
