<?xml version="1.0" encoding="UTF-8"?>
<!DOCTYPE html PUBLIC "-//W3C//DTD XHTML 1.0 Transitional//EN"
    "http://www.w3.org/TR/xhtml1/DTD/xhtml1-transitional.dtd">
<html xmlns="http://www.w3.org/1999/xhtml" xml:lang="en" lang="en">
 <head>
  <title>
</title>
<meta http-equiv="Content-Type" content="text/html;charset=utf-8" />
  <meta name='ocr-system' content='tesseract 3.04.00' />
  <meta name='ocr-capabilities' content='ocr_page ocr_carea ocr_par ocr_line ocrx_word'/>
</head>
<body>
  <div class='ocr_page' id='page_1' title='image "./codexdiplomatic03wenzgoog_0186.png"; bbox 0 0 3132 5192; ppageno 0'>
   <div class='ocr_carea' id='block_1_1' title="bbox 821 311 980 426">
    <p class='ocr_par' dir='ltr' id='par_1_1' title="bbox 821 311 980 426">
     <span class='ocr_line' id='line_1_1' title="bbox 821 311 980 426; baseline 0 -35"><span class='ocrx_word' id='word_1_1' title='bbox 821 311 980 426; x_wconf 37' lang='lat' dir='ltr'><strong>*up</strong></span> 
     </span>
    </p>
   </div>
   <div class='ocr_carea' id='block_1_2' title="bbox 237 501 1546 4692">
    <p class='ocr_par' dir='ltr' id='par_1_2' title="bbox 237 501 1546 4692">
     <span class='ocr_line' id='line_1_2' title="bbox 318 501 1465 608; baseline 0.001 -24"><span class='ocrx_word' id='word_1_2' title='bbox 318 503 405 587; x_wconf 88' lang='lat' dir='ltr'><strong>idern</strong></span> <span class='ocrx_word' id='word_1_3' title='bbox 435 519 553 586; x_wconf 87' lang='lat' dir='ltr'><strong>Comes</strong></span> <span class='ocrx_word' id='word_1_4' title='bbox 578 517 723 587; x_wconf 86' lang='lat' dir='ltr'><strong>Jacobus</strong></span> <span class='ocrx_word' id='word_1_5' title='bbox 747 537 813 586; x_wconf 91' lang='lat' dir='ltr'><strong>non</strong></span> <span class='ocrx_word' id='word_1_6' title='bbox 838 518 1032 606; x_wconf 80' lang='lat' dir='ltr'><strong>comparuit,</strong></span> <span class='ocrx_word' id='word_1_7' title='bbox 1058 537 1164 606; x_wconf 87' lang='lat' dir='ltr'><strong>neque</strong></span> <span class='ocrx_word' id='word_1_8' title='bbox 1183 519 1282 608; x_wconf 90' lang='lat' dir='ltr'><strong>misit,</strong></span> <span class='ocrx_word' id='word_1_9' title='bbox 1309 522 1343 586; x_wconf 79' lang='lat' dir='ltr'><strong>et</strong></span> <span class='ocrx_word' id='word_1_10' title='bbox 1370 501 1465 586; x_wconf 80' lang='lat' dir='ltr'><strong>nulla</strong></span> 
     </span>
     <span class='ocr_line' id='line_1_3' title="bbox 320 626 1471 714; baseline 0 -21"><span class='ocrx_word' id='word_1_11' title='bbox 320 647 451 714; x_wconf 88' lang='lat' dir='ltr'><strong>prorsus</strong></span> <span class='ocrx_word' id='word_1_12' title='bbox 475 627 580 694; x_wconf 92' lang='lat' dir='ltr'><strong>roluit</strong></span> <span class='ocrx_word' id='word_1_13' title='bbox 596 626 750 693; x_wconf 88' lang='lat' dir='ltr'><strong>exhibere</strong></span> <span class='ocrx_word' id='word_1_14' title='bbox 766 626 1003 712; x_wconf 81' lang='lat' dir='ltr'><strong>instrumenta3</strong></span> <span class='ocrx_word' id='word_1_15' title='bbox 1019 633 1053 694; x_wconf 89' lang='lat' dir='ltr'><strong>et</strong></span> <span class='ocrx_word' id='word_1_16' title='bbox 1067 627 1117 696; x_wconf 92' lang='lat' dir='ltr'><strong>sic</strong></span> <span class='ocrx_word' id='word_1_17' title='bbox 1131 627 1165 694; x_wconf 93' lang='lat' dir='ltr'><strong>in</strong></span> <span class='ocrx_word' id='word_1_18' title='bbox 1181 647 1241 695; x_wconf 92' lang='lat' dir='ltr'><strong>sua</strong></span> <span class='ocrx_word' id='word_1_19' title='bbox 1256 626 1380 696; x_wconf 79' lang='lat' dir='ltr'><strong>defecit</strong></span> <span class='ocrx_word' id='word_1_20' title='bbox 1420 645 1471 693; x_wconf 88' lang='lat' dir='ltr'><strong>ac-</strong></span> 
     </span>
     <span class='ocr_line' id='line_1_4' title="bbox 320 731 1459 821; baseline -0.004 -20"><span class='ocrx_word' id='word_1_21' title='bbox 320 735 425 801; x_wconf 90' lang='lat' dir='ltr'><strong>cione.</strong></span> <span class='ocrx_word' id='word_1_22' title='bbox 444 733 558 801; x_wconf 90' lang='lat' dir='ltr'><strong>Comes</strong></span> <span class='ocrx_word' id='word_1_23' title='bbox 574 753 652 799; x_wconf 88' lang='lat' dir='ltr'><strong>uero</strong></span> <span class='ocrx_word' id='word_1_24' title='bbox 669 732 785 800; x_wconf 91' lang='lat' dir='ltr'><strong>Petrus</strong></span> <span class='ocrx_word' id='word_1_25' title='bbox 800 741 892 818; x_wconf 90' lang='lat' dir='ltr'><strong>pater</strong></span> <span class='ocrx_word' id='word_1_26' title='bbox 907 735 1011 821; x_wconf 86' lang='lat' dir='ltr'><strong>ipsius</strong></span> <span class='ocrx_word' id='word_1_27' title='bbox 1028 734 1177 818; x_wconf 74' lang='lat' dir='ltr'>Magistri</span> <span class='ocrx_word' id='word_1_28' title='bbox 1194 732 1301 814; x_wconf 82' lang='lat' dir='ltr'><strong>Cude,</strong></span> <span class='ocrx_word' id='word_1_29' title='bbox 1317 739 1352 800; x_wconf 88' lang='lat' dir='ltr'><strong>et</strong></span> <span class='ocrx_word' id='word_1_30' title='bbox 1368 731 1459 798; x_wconf 90' lang='lat' dir='ltr'><strong>idem</strong></span> 
     </span>
     <span class='ocr_line' id='line_1_5' title="bbox 322 839 1458 927; baseline -0.004 -18"><span class='ocrx_word' id='word_1_31' title='bbox 322 844 481 926; x_wconf 78' lang='lat' dir='ltr'><strong>Magister</strong></span> <span class='ocrx_word' id='word_1_32' title='bbox 497 841 591 907; x_wconf 85' lang='lat' dir='ltr'><strong>Cnde</strong></span> <span class='ocrx_word' id='word_1_33' title='bbox 606 859 715 907; x_wconf 92' lang='lat' dir='ltr'><strong>coram</strong></span> <span class='ocrx_word' id='word_1_34' title='bbox 740 841 834 908; x_wconf 90' lang='lat' dir='ltr'><strong>nobis</strong></span> <span class='ocrx_word' id='word_1_35' title='bbox 858 841 1077 926; x_wconf 82' lang='lat' dir='ltr'><strong>personaliter</strong></span> <span class='ocrx_word' id='word_1_36' title='bbox 1102 847 1336 927; x_wconf 86' lang='lat' dir='ltr'><strong>comparentes,</strong></span> <span class='ocrx_word' id='word_1_37' title='bbox 1365 839 1458 905; x_wconf 88' lang='lat' dir='ltr'><strong>exbi-</strong></span> 
     </span>
     <span class='ocr_line' id='line_1_6' title="bbox 322 946 1468 1034; baseline -0.001 -19"><span class='ocrx_word' id='word_1_38' title='bbox 322 953 465 1015; x_wconf 88' lang='lat' dir='ltr'><strong>buerunt</strong></span> <span class='ocrx_word' id='word_1_39' title='bbox 482 949 579 1016; x_wconf 91' lang='lat' dir='ltr'><strong>nobis</strong></span> <span class='ocrx_word' id='word_1_40' title='bbox 605 949 733 1014; x_wconf 87' lang='lat' dir='ltr'><strong>litteras</strong></span> <span class='ocrx_word' id='word_1_41' title='bbox 759 969 854 1032; x_wconf 89' lang='lat' dir='ltr'><strong>quam</strong></span> <span class='ocrx_word' id='word_1_42' title='bbox 880 950 990 1034; x_wconf 93' lang='lat' dir='ltr'><strong>plures</strong></span> <span class='ocrx_word' id='word_1_43' title='bbox 1015 956 1048 1017; x_wconf 88' lang='lat' dir='ltr'><strong>et</strong></span> <span class='ocrx_word' id='word_1_44' title='bbox 1073 947 1221 1016; x_wconf 84' lang='lat' dir='ltr'><strong>diuersas</strong></span> <span class='ocrx_word' id='word_1_45' title='bbox 1252 946 1468 1014; x_wconf 85' lang='lat' dir='ltr'><strong>diuersorum</strong></span> 
     </span>
     <span class='ocr_line' id='line_1_7' title="bbox 321 1054 1467 1142; baseline -0.003 -20"><span class='ocrx_word' id='word_1_46' title='bbox 321 1055 475 1122; x_wconf 88' lang='lat' dir='ltr'><strong>Judicum</strong></span> <span class='ocrx_word' id='word_1_47' title='bbox 493 1076 592 1142; x_wconf 87' lang='lat' dir='ltr'><strong>snper</strong></span> <span class='ocrx_word' id='word_1_48' title='bbox 609 1075 760 1141; x_wconf 89' lang='lat' dir='ltr'><strong>processu</strong></span> <span class='ocrx_word' id='word_1_49' title='bbox 777 1057 904 1140; x_wconf 88' lang='lat' dir='ltr'><strong>negocij</strong></span> <span class='ocrx_word' id='word_1_50' title='bbox 921 1057 955 1123; x_wconf 91' lang='lat' dir='ltr'><strong>in</strong></span> <span class='ocrx_word' id='word_1_51' title='bbox 971 1057 1187 1141; x_wconf 87' lang='lat' dir='ltr'><strong>requisicione</strong></span> <span class='ocrx_word' id='word_1_52' title='bbox 1203 1061 1318 1141; x_wconf 88' lang='lat' dir='ltr'><strong>quarte</strong></span> <span class='ocrx_word' id='word_1_53' title='bbox 1332 1054 1467 1122; x_wconf 90' lang='lat' dir='ltr'><strong>domine</strong></span> 
     </span>
     <span class='ocr_line' id='line_1_8' title="bbox 322 1161 1467 1246; baseline 0 -20"><span class='ocrx_word' id='word_1_54' title='bbox 322 1163 437 1230; x_wconf 88' lang='lat' dir='ltr'><strong>matris</strong></span> <span class='ocrx_word' id='word_1_55' title='bbox 453 1162 558 1246; x_wconf 88' lang='lat' dir='ltr'><strong>ipsius</strong></span> <span class='ocrx_word' id='word_1_56' title='bbox 576 1163 726 1246; x_wconf 79' lang='lat' dir='ltr'><strong>Magistri</strong></span> <span class='ocrx_word' id='word_1_57' title='bbox 744 1161 837 1228; x_wconf 88' lang='lat' dir='ltr'><strong>Cude</strong></span> <span class='ocrx_word' id='word_1_58' title='bbox 854 1163 973 1230; x_wconf 90' lang='lat' dir='ltr'><strong>sororis</strong></span> <span class='ocrx_word' id='word_1_59' title='bbox 990 1163 1124 1241; x_wconf 70' lang='lat' dir='ltr'><strong>Tbome]</strong></span> <span class='ocrx_word' id='word_1_60' title='bbox 1136 1163 1219 1230; x_wconf 83' lang='lat' dir='ltr'><strong>Beni</strong></span> <span class='ocrx_word' id='word_1_61' title='bbox 1244 1161 1315 1230; x_wconf 92' lang='lat' dir='ltr'><strong>sine</strong></span> <span class='ocrx_word' id='word_1_62' title='bbox 1342 1161 1467 1228; x_wconf 81' lang='lat' dir='ltr'><strong>herede</strong></span> 
     </span>
     <span class='ocr_line' id='line_1_9' title="bbox 325 1269 1467 1356; baseline -0.003 -21"><span class='ocrx_word' id='word_1_63' title='bbox 325 1269 518 1336; x_wconf 89' lang='lat' dir='ltr'><strong>decedentis</strong></span> <span class='ocrx_word' id='word_1_64' title='bbox 539 1271 580 1335; x_wconf 89' lang='lat' dir='ltr'><strong>de</strong></span> <span class='ocrx_word' id='word_1_65' title='bbox 596 1269 801 1355; x_wconf 77' lang='lat' dir='ltr'><strong>possessione</strong></span> <span class='ocrx_word' id='word_1_66' title='bbox 816 1290 876 1336; x_wconf 92' lang='lat' dir='ltr'><strong>sua</strong></span> <span class='ocrx_word' id='word_1_67' title='bbox 900 1271 1015 1336; x_wconf 89' lang='lat' dir='ltr'><strong>Dubos</strong></span> <span class='ocrx_word' id='word_1_68' title='bbox 1032 1277 1151 1340; x_wconf 83' lang='lat' dir='ltr'><strong>vocata</strong></span> <span class='ocrx_word' id='word_1_69' title='bbox 1175 1279 1208 1338; x_wconf 91' lang='lat' dir='ltr'><strong>et</strong></span> <span class='ocrx_word' id='word_1_70' title='bbox 1222 1269 1467 1356; x_wconf 79' lang='lat' dir='ltr'><strong>pertinencium</strong></span> 
     </span>
     <span class='ocr_line' id='line_1_10' title="bbox 330 1375 1466 1462; baseline -0.002 -20"><span class='ocrx_word' id='word_1_71' title='bbox 330 1375 520 1462; x_wconf 89' lang='lat' dir='ltr'><strong>earundem,</strong></span> <span class='ocrx_word' id='word_1_72' title='bbox 537 1379 578 1442; x_wconf 89' lang='lat' dir='ltr'><strong>ab</strong></span> <span class='ocrx_word' id='word_1_73' title='bbox 595 1376 780 1443; x_wconf 91' lang='lat' dir='ltr'><strong>Alexandro</strong></span> <span class='ocrx_word' id='word_1_74' title='bbox 797 1383 829 1443; x_wconf 91' lang='lat' dir='ltr'><strong>et</strong></span> <span class='ocrx_word' id='word_1_75' title='bbox 845 1377 922 1460; x_wconf 91' lang='lat' dir='ltr'><strong>alijs</strong></span> <span class='ocrx_word' id='word_1_76' title='bbox 940 1377 1094 1444; x_wconf 83' lang='lat' dir='ltr'><strong>fratribus</strong></span> <span class='ocrx_word' id='word_1_77' title='bbox 1110 1379 1178 1444; x_wconf 89' lang='lat' dir='ltr'><strong>suis</strong></span> <span class='ocrx_word' id='word_1_78' title='bbox 1204 1383 1402 1458; x_wconf 83' lang='lat' dir='ltr'><strong>emanatas;</strong></span> <span class='ocrx_word' id='word_1_79' title='bbox 1433 1383 1466 1441; x_wconf 90' lang='lat' dir='ltr'><strong>et</strong></span> 
     </span>
     <span class='ocr_line' id='line_1_11' title="bbox 329 1481 1463 1567; baseline -0.001 -17"><span class='ocrx_word' id='word_1_80' title='bbox 329 1487 415 1550; x_wconf 87' lang='lat' dir='ltr'><strong>inter</strong></span> <span class='ocrx_word' id='word_1_81' title='bbox 431 1490 541 1550; x_wconf 91' lang='lat' dir='ltr'><strong>cetera</strong></span> <span class='ocrx_word' id='word_1_82' title='bbox 565 1485 690 1551; x_wconf 85' lang='lat' dir='ltr'><strong>litteras</strong></span> <span class='ocrx_word' id='word_1_83' title='bbox 722 1481 856 1550; x_wconf 92' lang='lat' dir='ltr'><strong>Comitis</strong></span> <span class='ocrx_word' id='word_1_84' title='bbox 881 1483 1043 1549; x_wconf 91' lang='lat' dir='ltr'><strong>Dominioi</strong></span> <span class='ocrx_word' id='word_1_85' title='bbox 1068 1483 1229 1567; x_wconf 80' lang='lat' dir='ltr'><strong>quondam</strong></span> <span class='ocrx_word' id='word_1_86' title='bbox 1257 1482 1463 1551; x_wconf 89' lang='lat' dir='ltr'><strong>Viceiudicis</strong></span> 
     </span>
     <span class='ocr_line' id='line_1_12' title="bbox 330 1588 1467 1674; baseline -0.001 -18"><span class='ocrx_word' id='word_1_87' title='bbox 330 1591 427 1658; x_wconf 92' lang='lat' dir='ltr'><strong>Curie</strong></span> <span class='ocrx_word' id='word_1_88' title='bbox 443 1588 565 1656; x_wconf 90' lang='lat' dir='ltr'><strong>domini</strong></span> <span class='ocrx_word' id='word_1_89' title='bbox 581 1589 733 1657; x_wconf 87' lang='lat' dir='ltr'><strong>Ladialai</strong></span> <span class='ocrx_word' id='word_1_90' title='bbox 757 1590 866 1674; x_wconf 80' lang='lat' dir='ltr'><strong>Regis,</strong></span> <span class='ocrx_word' id='word_1_91' title='bbox 891 1591 924 1656; x_wconf 92' lang='lat' dir='ltr'><strong>in</strong></span> <span class='ocrx_word' id='word_1_92' title='bbox 957 1591 1074 1674; x_wconf 87' lang='lat' dir='ltr'><strong>quibus</strong></span> <span class='ocrx_word' id='word_1_93' title='bbox 1104 1591 1245 1659; x_wconf 84' lang='lat' dir='ltr'><strong>vidimus</strong></span> <span class='ocrx_word' id='word_1_94' title='bbox 1277 1591 1467 1659; x_wconf 84' lang='lat' dir='ltr'><strong>contineri:</strong></span> 
     </span>
     <span class='ocr_line' id='line_1_13' title="bbox 324 1697 1466 1787; baseline 0.002 -25"><span class='ocrx_word' id='word_1_95' title='bbox 324 1697 411 1781; x_wconf 86' lang='lat' dir='ltr'><strong>qnod</strong></span> <span class='ocrx_word' id='word_1_96' title='bbox 428 1717 499 1764; x_wconf 91' lang='lat' dir='ltr'><strong>cum</strong></span> <span class='ocrx_word' id='word_1_97' title='bbox 517 1718 613 1781; x_wconf 91' lang='lat' dir='ltr'><strong>super</strong></span> <span class='ocrx_word' id='word_1_98' title='bbox 629 1699 744 1764; x_wconf 86' lang='lat' dir='ltr'><strong>faciem</strong></span> <span class='ocrx_word' id='word_1_99' title='bbox 761 1699 974 1785; x_wconf 86' lang='lat' dir='ltr'><strong>possessionis</strong></span> <span class='ocrx_word' id='word_1_100' title='bbox 990 1699 1101 1766; x_wconf 89' lang='lat' dir='ltr'><strong>Dnbos</strong></span> <span class='ocrx_word' id='word_1_101' title='bbox 1117 1707 1242 1778; x_wconf 79' lang='lat' dir='ltr'><strong>vocate,</strong></span> <span class='ocrx_word' id='word_1_102' title='bbox 1270 1699 1466 1787; x_wconf 87' lang='lat' dir='ltr'><strong>porcionem</strong></span> 
     </span>
     <span class='ocr_line' id='line_1_14' title="bbox 325 1803 1460 1890; baseline 0.003 -21"><span class='ocrx_word' id='word_1_103' title='bbox 325 1803 478 1872; x_wconf 87' lang='lat' dir='ltr'><strong>videlicet</strong></span> <span class='ocrx_word' id='word_1_104' title='bbox 493 1807 616 1874; x_wconf 70' lang='lat' dir='ltr'><strong>&#39;rhome</strong></span> <span class='ocrx_word' id='word_1_105' title='bbox 632 1805 715 1870; x_wconf 83' lang='lat' dir='ltr'><strong>Beni</strong></span> <span class='ocrx_word' id='word_1_106' title='bbox 732 1825 789 1888; x_wconf 92' lang='lat' dir='ltr'><strong>pro</strong></span> <span class='ocrx_word' id='word_1_107' title='bbox 806 1805 1052 1890; x_wconf 88' lang='lat' dir='ltr'><strong>quadringentis</strong></span> <span class='ocrx_word' id='word_1_108' title='bbox 1061 1808 1180 1872; x_wconf 89' lang='lat' dir='ltr'><strong>marcis</strong></span> <span class='ocrx_word' id='word_1_109' title='bbox 1198 1809 1351 1874; x_wconf 87' lang='lat' dir='ltr'><strong>estirnate</strong></span> <span class='ocrx_word' id='word_1_110' title='bbox 1381 1807 1460 1873; x_wconf 89' lang='lat' dir='ltr'><strong>esti·</strong></span> 
     </span>
     <span class='ocr_line' id='line_1_15' title="bbox 328 1912 1461 1998; baseline 0.004 -22"><span class='ocrx_word' id='word_1_111' title='bbox 328 1919 469 1980; x_wconf 84' lang='lat' dir='ltr'><strong>matorcs</strong></span> <span class='ocrx_word' id='word_1_112' title='bbox 495 1912 711 1981; x_wconf 88' lang='lat' dir='ltr'><strong>accessissent</strong></span> <span class='ocrx_word' id='word_1_113' title='bbox 737 1912 866 1998; x_wconf 90' lang='lat' dir='ltr'><strong>adhoc,</strong></span> <span class='ocrx_word' id='word_1_114' title='bbox 893 1921 928 1980; x_wconf 84' lang='lat' dir='ltr'><strong>vt</strong></span> <span class='ocrx_word' id='word_1_115' title='bbox 952 1913 1052 1998; x_wconf 88' lang='lat' dir='ltr'><strong>ijdem</strong></span> <span class='ocrx_word' id='word_1_116' title='bbox 1078 1914 1277 1981; x_wconf 89' lang='lat' dir='ltr'><strong>estimatores</strong></span> <span class='ocrx_word' id='word_1_117' title='bbox 1303 1921 1461 1998; x_wconf 88' lang='lat' dir='ltr'><strong>presente</strong></span> 
     </span>
     <span class='ocr_line' id='line_1_16' title="bbox 330 2019 1461 2106; baseline 0.003 -21"><span class='ocrx_word' id='word_1_118' title='bbox 330 2019 464 2086; x_wconf 88' lang='lat' dir='ltr'><strong>homine</strong></span> <span class='ocrx_word' id='word_1_119' title='bbox 479 2020 601 2087; x_wconf 92' lang='lat' dir='ltr'><strong>domini</strong></span> <span class='ocrx_word' id='word_1_120' title='bbox 616 2021 717 2104; x_wconf 87' lang='lat' dir='ltr'><strong>Regis</strong></span> <span class='ocrx_word' id='word_1_121' title='bbox 733 2028 766 2086; x_wconf 91' lang='lat' dir='ltr'><strong>et</strong></span> <span class='ocrx_word' id='word_1_122' title='bbox 781 2021 964 2088; x_wconf 90' lang='lat' dir='ltr'><strong>testimonio</strong></span> <span class='ocrx_word' id='word_1_123' title='bbox 979 2021 1122 2106; x_wconf 80' lang='lat' dir='ltr'><strong>Capituli</strong></span> <span class='ocrx_word' id='word_1_124' title='bbox 1139 2021 1311 2105; x_wconf 89' lang='lat' dir='ltr'><strong>Agriensis</strong></span> <span class='ocrx_word' id='word_1_125' title='bbox 1328 2021 1376 2087; x_wconf 87' lang='lat' dir='ltr'><strong>ad</strong></span> <span class='ocrx_word' id='word_1_126' title='bbox 1403 2043 1461 2088; x_wconf 85' lang='lat' dir='ltr'><strong>ua·</strong></span> 
     </span>
     <span class='ocr_line' id='line_1_17' title="bbox 326 2125 1464 2212; baseline 0.004 -22"><span class='ocrx_word' id='word_1_127' title='bbox 326 2125 428 2192; x_wconf 90' lang='lat' dir='ltr'><strong>lorem</strong></span> <span class='ocrx_word' id='word_1_128' title='bbox 445 2135 574 2195; x_wconf 89' lang='lat' dir='ltr'><strong>centnm</strong></span> <span class='ocrx_word' id='word_1_129' title='bbox 590 2147 770 2194; x_wconf 88' lang='lat' dir='ltr'><strong>marcarum</strong></span> <span class='ocrx_word' id='word_1_130' title='bbox 787 2147 846 2211; x_wconf 93' lang='lat' dir='ltr'><strong>pro</strong></span> <span class='ocrx_word' id='word_1_131' title='bbox 872 2136 989 2212; x_wconf 83' lang='lat' dir='ltr'><strong>quarta</strong></span> <span class='ocrx_word' id='word_1_132' title='bbox 1014 2128 1143 2195; x_wconf 90' lang='lat' dir='ltr'><strong>domine</strong></span> <span class='ocrx_word' id='word_1_133' title='bbox 1168 2129 1282 2196; x_wconf 88' lang='lat' dir='ltr'><strong>matris</strong></span> <span class='ocrx_word' id='word_1_134' title='bbox 1308 2128 1464 2196; x_wconf 87' lang='lat' dir='ltr'><strong>eiusdem</strong></span> 
     </span>
     <span class='ocr_line' id='line_1_18' title="bbox 324 2233 1462 2322; baseline 0.002 -22"><span class='ocrx_word' id='word_1_135' title='bbox 324 2234 478 2318; x_wconf 83' lang='lat' dir='ltr'><strong>Magistri</strong></span> <span class='ocrx_word' id='word_1_136' title='bbox 493 2233 595 2321; x_wconf 83' lang='lat' dir='ltr'><strong>Cude,</strong></span> <span class='ocrx_word' id='word_1_137' title='bbox 621 2255 684 2318; x_wconf 91' lang='lat' dir='ltr'><strong>que</strong></span> <span class='ocrx_word' id='word_1_138' title='bbox 710 2235 744 2300; x_wconf 94' lang='lat' dir='ltr'><strong>in</strong></span> <span class='ocrx_word' id='word_1_139' title='bbox 769 2235 914 2304; x_wconf 91' lang='lat' dir='ltr'><strong>eiusdem</strong></span> <span class='ocrx_word' id='word_1_140' title='bbox 939 2236 1026 2302; x_wconf 90' lang='lat' dir='ltr'><strong>cedit</strong></span> <span class='ocrx_word' id='word_1_141' title='bbox 1050 2238 1245 2322; x_wconf 90' lang='lat' dir='ltr'><strong>porcionem,</strong></span> <span class='ocrx_word' id='word_1_142' title='bbox 1270 2235 1462 2303; x_wconf 86' lang='lat' dir='ltr'><strong>estimando</strong></span> 
     </span>
     <span class='ocr_line' id='line_1_19' title="bbox 329 2340 1464 2431; baseline 0 -23"><span class='ocrx_word' id='word_1_143' title='bbox 329 2349 474 2409; x_wconf 86' lang='lat' dir='ltr'><strong>statuere</strong></span> <span class='ocrx_word' id='word_1_144' title='bbox 490 2340 680 2410; x_wconf 88' lang='lat' dir='ltr'><strong>debuissent</strong></span> <span class='ocrx_word' id='word_1_145' title='bbox 696 2342 955 2412; x_wconf 88' lang='lat' dir='ltr'><strong>contradiccione</strong></span> <span class='ocrx_word' id='word_1_146' title='bbox 970 2344 1117 2428; x_wconf 86' lang='lat' dir='ltr'><strong>qualibet</strong></span> <span class='ocrx_word' id='word_1_147' title='bbox 1144 2361 1210 2409; x_wconf 91' lang='lat' dir='ltr'><strong>non</strong></span> <span class='ocrx_word' id='word_1_148' title='bbox 1235 2342 1405 2431; x_wconf 89' lang='lat' dir='ltr'><strong>obstante,</strong></span> <span class='ocrx_word' id='word_1_149' title='bbox 1432 2349 1464 2411; x_wconf 90' lang='lat' dir='ltr'><strong>et</strong></span> 
     </span>
     <span class='ocr_line' id='line_1_20' title="bbox 327 2448 1464 2535; baseline 0.001 -20"><span class='ocrx_word' id='word_1_150' title='bbox 327 2448 391 2516; x_wconf 91' lang='lat' dir='ltr'><strong>duo</strong></span> <span class='ocrx_word' id='word_1_151' title='bbox 406 2449 537 2534; x_wconf 89' lang='lat' dir='ltr'><strong>iudicia,</strong></span> <span class='ocrx_word' id='word_1_152' title='bbox 554 2451 589 2516; x_wconf 93' lang='lat' dir='ltr'><strong>in</strong></span> <span class='ocrx_word' id='word_1_153' title='bbox 614 2451 732 2534; x_wconf 91' lang='lat' dir='ltr'><strong>quibus</strong></span> <span class='ocrx_word' id='word_1_154' title='bbox 762 2451 893 2518; x_wconf 90' lang='lat' dir='ltr'><strong>racione</strong></span> <span class='ocrx_word' id='word_1_155' title='bbox 915 2451 1001 2518; x_wconf 90' lang='lat' dir='ltr'><strong>dicte</strong></span> <span class='ocrx_word' id='word_1_156' title='bbox 1017 2457 1133 2535; x_wconf 88' lang='lat' dir='ltr'><strong>quarto</strong></span> <span class='ocrx_word' id='word_1_157' title='bbox 1156 2449 1243 2518; x_wconf 90' lang='lat' dir='ltr'><strong>idem</strong></span> <span class='ocrx_word' id='word_1_158' title='bbox 1269 2449 1464 2518; x_wconf 81' lang='lat' dir='ltr'><strong>Alexander</strong></span> 
     </span>
     <span class='ocr_line' id='line_1_21' title="bbox 327 2555 1465 2644; baseline 0.002 -22"><span class='ocrx_word' id='word_1_159' title='bbox 327 2555 522 2625; x_wconf 88' lang='lat' dir='ltr'><strong>dinosscitur</strong></span> <span class='ocrx_word' id='word_1_160' title='bbox 537 2557 744 2639; x_wconf 87' lang='lat' dir='ltr'><strong>remansisse,</strong></span> <span class='ocrx_word' id='word_1_161' title='bbox 760 2558 802 2626; x_wconf 90' lang='lat' dir='ltr'><strong>de</strong></span> <span class='ocrx_word' id='word_1_162' title='bbox 818 2558 906 2625; x_wconf 86' lang='lat' dir='ltr'><strong>dicta</strong></span> <span class='ocrx_word' id='word_1_163' title='bbox 920 2557 1126 2644; x_wconf 89' lang='lat' dir='ltr'><strong>possessione</strong></span> <span class='ocrx_word' id='word_1_164' title='bbox 1141 2559 1253 2624; x_wconf 91' lang='lat' dir='ltr'><strong>Dubos</strong></span> <span class='ocrx_word' id='word_1_165' title='bbox 1276 2557 1374 2624; x_wconf 88' lang='lat' dir='ltr'><strong>iuxta</strong></span> <span class='ocrx_word' id='word_1_166' title='bbox 1401 2557 1465 2636; x_wconf 85' lang='lat' dir='ltr'><strong>sor·</strong></span> 
     </span>
     <span class='ocr_line' id='line_1_22' title="bbox 326 2662 1461 2748; baseline 0.002 -20"><span class='ocrx_word' id='word_1_167' title='bbox 326 2683 412 2730; x_wconf 90' lang='lat' dir='ltr'><strong>marn</strong></span> <span class='ocrx_word' id='word_1_168' title='bbox 428 2663 606 2730; x_wconf 87' lang='lat' dir='ltr'><strong>litterarum</strong></span> <span class='ocrx_word' id='word_1_169' title='bbox 632 2663 757 2731; x_wconf 89' lang='lat' dir='ltr'><strong>Judieis</strong></span> <span class='ocrx_word' id='word_1_170' title='bbox 783 2666 953 2732; x_wconf 90' lang='lat' dir='ltr'><strong>memorati</strong></span> <span class='ocrx_word' id='word_1_171' title='bbox 978 2665 1129 2748; x_wconf 90' lang='lat' dir='ltr'><strong>exigere:</strong></span> <span class='ocrx_word' id='word_1_172' title='bbox 1156 2662 1243 2730; x_wconf 90' lang='lat' dir='ltr'><strong>idem</strong></span> <span class='ocrx_word' id='word_1_173' title='bbox 1269 2663 1461 2732; x_wconf 83' lang='lat' dir='ltr'><strong>Alexander</strong></span> 
     </span>
     <span class='ocr_line' id='line_1_23' title="bbox 329 2771 1461 2860; baseline 0.002 -24"><span class='ocrx_word' id='word_1_174' title='bbox 329 2791 429 2837; x_wconf 89' lang='lat' dir='ltr'><strong>mann</strong></span> <span class='ocrx_word' id='word_1_175' title='bbox 445 2779 572 2837; x_wconf 90' lang='lat' dir='ltr'><strong>armata</strong></span> <span class='ocrx_word' id='word_1_176' title='bbox 588 2792 661 2837; x_wconf 92' lang='lat' dir='ltr'><strong>cum</strong></span> <span class='ocrx_word' id='word_1_177' title='bbox 676 2773 745 2839; x_wconf 91' lang='lat' dir='ltr'><strong>suis</strong></span> <span class='ocrx_word' id='word_1_178' title='bbox 759 2772 894 2840; x_wconf 87' lang='lat' dir='ltr'><strong>veniens</strong></span> <span class='ocrx_word' id='word_1_179' title='bbox 920 2772 959 2838; x_wconf 90' lang='lat' dir='ltr'><strong>dc</strong></span> <span class='ocrx_word' id='word_1_180' title='bbox 991 2773 1105 2840; x_wconf 86' lang='lat' dir='ltr'><strong>eadem</strong></span> <span class='ocrx_word' id='word_1_181' title='bbox 1121 2774 1339 2860; x_wconf 85' lang='lat' dir='ltr'><strong>possessione,</strong></span> <span class='ocrx_word' id='word_1_182' title='bbox 1356 2771 1461 2841; x_wconf 88' lang='lat' dir='ltr'><strong>uerba</strong></span> 
     </span>
     <span class='ocr_line' id='line_1_24' title="bbox 326 2879 1459 2966; baseline 0.002 -20"><span class='ocrx_word' id='word_1_183' title='bbox 326 2880 538 2966; x_wconf 82' lang='lat' dir='ltr'><strong>obprobriose</strong></span> <span class='ocrx_word' id='word_1_184' title='bbox 554 2880 677 2948; x_wconf 90' lang='lat' dir='ltr'><strong>eisdem</strong></span> <span class='ocrx_word' id='word_1_185' title='bbox 692 2879 861 2948; x_wconf 80' lang='lat' dir='ltr'><strong>inferendo</strong></span> <span class='ocrx_word' id='word_1_186' title='bbox 872 2882 1062 2966; x_wconf 87' lang='lat' dir='ltr'><strong>expulisset,</strong></span> <span class='ocrx_word' id='word_1_187' title='bbox 1079 2888 1110 2947; x_wconf 89' lang='lat' dir='ltr'><strong>et</strong></span> <span class='ocrx_word' id='word_1_188' title='bbox 1126 2881 1158 2946; x_wconf 93' lang='lat' dir='ltr'><strong>in</strong></span> <span class='ocrx_word' id='word_1_189' title='bbox 1177 2883 1355 2948; x_wconf 85' lang='lat' dir='ltr'><strong>exaccione</strong></span> <span class='ocrx_word' id='word_1_190' title='bbox 1365 2881 1459 2966; x_wconf 87' lang='lat' dir='ltr'><strong>ipso-</strong></span> 
     </span>
     <span class='ocr_line' id='line_1_25' title="bbox 326 2987 1458 3075; baseline 0.003 -22"><span class='ocrx_word' id='word_1_191' title='bbox 326 3007 396 3054; x_wconf 88' lang='lat' dir='ltr'><strong>mm</strong></span> <span class='ocrx_word' id='word_1_192' title='bbox 421 2987 613 3055; x_wconf 91' lang='lat' dir='ltr'><strong>iudiciorum</strong></span> <span class='ocrx_word' id='word_1_193' title='bbox 639 3008 710 3056; x_wconf 90' lang='lat' dir='ltr'><strong>cum</strong></span> <span class='ocrx_word' id='word_1_194' title='bbox 737 2989 885 3056; x_wconf 91' lang='lat' dir='ltr'><strong>omnibus</strong></span> <span class='ocrx_word' id='word_1_195' title='bbox 911 2989 1127 3056; x_wconf 89' lang='lat' dir='ltr'><strong>seruientibus</strong></span> <span class='ocrx_word' id='word_1_196' title='bbox 1152 3009 1193 3054; x_wconf 90' lang='lat' dir='ltr'><strong>ac</strong></span> <span class='ocrx_word' id='word_1_197' title='bbox 1222 2988 1356 3075; x_wconf 91' lang='lat' dir='ltr'><strong>populis</strong></span> <span class='ocrx_word' id='word_1_198' title='bbox 1389 2990 1458 3056; x_wconf 88' lang='lat' dir='ltr'><strong>suis</strong></span> 
     </span>
     <span class='ocr_line' id='line_1_26' title="bbox 327 3095 1458 3182; baseline 0.002 -22"><span class='ocrx_word' id='word_1_199' title='bbox 327 3116 424 3162; x_wconf 85' lang='lat' dir='ltr'><strong>manu</strong></span> <span class='ocrx_word' id='word_1_200' title='bbox 441 3101 568 3163; x_wconf 89' lang='lat' dir='ltr'><strong>armata</strong></span> <span class='ocrx_word' id='word_1_201' title='bbox 583 3095 699 3164; x_wconf 90' lang='lat' dir='ltr'><strong>iterato</strong></span> <span class='ocrx_word' id='word_1_202' title='bbox 732 3097 879 3164; x_wconf 86' lang='lat' dir='ltr'><strong>iuuisset</strong></span> <span class='ocrx_word' id='word_1_203' title='bbox 895 3098 929 3163; x_wconf 95' lang='lat' dir='ltr'><strong>in</strong></span> <span class='ocrx_word' id='word_1_204' title='bbox 945 3098 1085 3182; x_wconf 88' lang='lat' dir='ltr'><strong>eosdem,</strong></span> <span class='ocrx_word' id='word_1_205' title='bbox 1103 3104 1135 3163; x_wconf 93' lang='lat' dir='ltr'><strong>et</strong></span> <span class='ocrx_word' id='word_1_206' title='bbox 1150 3095 1272 3163; x_wconf 90' lang='lat' dir='ltr'><strong>dictum</strong></span> <span class='ocrx_word' id='word_1_207' title='bbox 1290 3097 1458 3164; x_wconf 90' lang='lat' dir='ltr'><strong>hominem</strong></span> 
     </span>
     <span class='ocr_line' id='line_1_27' title="bbox 328 3201 1460 3294; baseline 0.004 -26"><span class='ocrx_word' id='word_1_208' title='bbox 328 3203 451 3270; x_wconf 92' lang='lat' dir='ltr'><strong>domini</strong></span> <span class='ocrx_word' id='word_1_209' title='bbox 469 3203 567 3286; x_wconf 88' lang='lat' dir='ltr'><strong>Regis</strong></span> <span class='ocrx_word' id='word_1_210' title='bbox 584 3201 625 3270; x_wconf 91' lang='lat' dir='ltr'><strong>dc</strong></span> <span class='ocrx_word' id='word_1_211' title='bbox 641 3223 723 3287; x_wconf 91' lang='lat' dir='ltr'><strong>equo</strong></span> <span class='ocrx_word' id='word_1_212' title='bbox 739 3225 797 3271; x_wconf 92' lang='lat' dir='ltr'><strong>suo</strong></span> <span class='ocrx_word' id='word_1_213' title='bbox 813 3204 949 3291; x_wconf 87' lang='lat' dir='ltr'><strong>turpiter</strong></span> <span class='ocrx_word' id='word_1_214' title='bbox 974 3205 1166 3292; x_wconf 84' lang='lat' dir='ltr'><strong>deiecisset;</strong></span> <span class='ocrx_word' id='word_1_215' title='bbox 1179 3205 1352 3294; x_wconf 82' lang='lat' dir='ltr'><strong>¹bominem</strong></span> <span class='ocrx_word' id='word_1_216' title='bbox 1381 3226 1460 3272; x_wconf 89' lang='lat' dir='ltr'><strong>nero</strong></span> 
     </span>
     <span class='ocr_line' id='line_1_28' title="bbox 326 3309 1461 3399; baseline 0 -22"><span class='ocrx_word' id='word_1_217' title='bbox 326 3310 470 3397; x_wconf 81' lang='lat' dir='ltr'><strong>Capituli</strong></span> <span class='ocrx_word' id='word_1_218' title='bbox 485 3313 661 3394; x_wconf 89' lang='lat' dir='ltr'><strong>memorati,</strong></span> <span class='ocrx_word' id='word_1_219' title='bbox 677 3331 716 3378; x_wconf 88' lang='lat' dir='ltr'><strong>ac</strong></span> <span class='ocrx_word' id='word_1_220' title='bbox 731 3309 823 3399; x_wconf 88' lang='lat' dir='ltr'><strong>alios,</strong></span> <span class='ocrx_word' id='word_1_221' title='bbox 840 3313 893 3396; x_wconf 86' lang='lat' dir='ltr'><strong>qui</strong></span> <span class='ocrx_word' id='word_1_222' title='bbox 909 3312 989 3379; x_wconf 91' lang='lat' dir='ltr'><strong>inibi</strong></span> <span class='ocrx_word' id='word_1_223' title='bbox 1004 3319 1219 3399; x_wconf 86' lang='lat' dir='ltr'><strong>accesserant,</strong></span> <span class='ocrx_word' id='word_1_224' title='bbox 1237 3313 1366 3382; x_wconf 86' lang='lat' dir='ltr'><strong>scilicet</strong></span> <span class='ocrx_word' id='word_1_225' title='bbox 1385 3314 1461 3382; x_wconf 90' lang='lat' dir='ltr'><strong>esti·</strong></span> 
     </span>
     <span class='ocr_line' id='line_1_29' title="bbox 327 3418 1458 3506; baseline 0.002 -22"><span class='ocrx_word' id='word_1_226' title='bbox 327 3424 466 3485; x_wconf 90' lang='lat' dir='ltr'><strong>matores</strong></span> <span class='ocrx_word' id='word_1_227' title='bbox 492 3425 525 3484; x_wconf 88' lang='lat' dir='ltr'><strong>et</strong></span> <span class='ocrx_word' id='word_1_228' title='bbox 539 3424 666 3504; x_wconf 88' lang='lat' dir='ltr'><strong>partem</strong></span> <span class='ocrx_word' id='word_1_229' title='bbox 681 3418 864 3505; x_wconf 89' lang='lat' dir='ltr'><strong>aduersam,</strong></span> <span class='ocrx_word' id='word_1_230' title='bbox 889 3421 978 3487; x_wconf 90' lang='lat' dir='ltr'><strong>iactu</strong></span> <span class='ocrx_word' id='word_1_231' title='bbox 1003 3420 1182 3506; x_wconf 88' lang='lat' dir='ltr'><strong>sagitarnm</strong></span> <span class='ocrx_word' id='word_1_232' title='bbox 1208 3427 1240 3486; x_wconf 86' lang='lat' dir='ltr'><strong>et</strong></span> <span class='ocrx_word' id='word_1_233' title='bbox 1266 3420 1458 3488; x_wconf 86' lang='lat' dir='ltr'><strong>baculorum</strong></span> 
     </span>
     <span class='ocr_line' id='line_1_30' title="bbox 327 3521 1546 3614; baseline 0.002 -22"><span class='ocrx_word' id='word_1_234' title='bbox 327 3547 367 3592; x_wconf 91' lang='lat' dir='ltr'><strong>ac</strong></span> <span class='ocrx_word' id='word_1_235' title='bbox 383 3525 648 3611; x_wconf 88' lang='lat' dir='ltr'><strong>percussionibus</strong></span> <span class='ocrx_word' id='word_1_236' title='bbox 662 3523 795 3594; x_wconf 89' lang='lat' dir='ltr'><strong>sustium</strong></span> <span class='ocrx_word' id='word_1_237' title='bbox 811 3525 846 3592; x_wconf 91' lang='lat' dir='ltr'><strong>in</strong></span> <span class='ocrx_word' id='word_1_238' title='bbox 862 3528 955 3612; x_wconf 89' lang='lat' dir='ltr'><strong>equis</strong></span> <span class='ocrx_word' id='word_1_239' title='bbox 971 3527 1155 3612; x_wconf 89' lang='lat' dir='ltr'><strong>eorundem,</strong></span> <span class='ocrx_word' id='word_1_240' title='bbox 1172 3528 1337 3614; x_wconf 87' lang='lat' dir='ltr'><strong>vituperia</strong></span> <span class='ocrx_word' id='word_1_241' title='bbox 1354 3549 1455 3613; x_wconf 88' lang='lat' dir='ltr'><strong>quam</strong></span> <span class='ocrx_word' id='word_1_242' title='bbox 1545 3521 1546 3529; x_wconf 63' lang='lat'><em>&#39;</em></span> 
     </span>
     <span class='ocr_line' id='line_1_31' title="bbox 325 3631 1457 3722; baseline 0.004 -24"><span class='ocrx_word' id='word_1_243' title='bbox 325 3633 465 3720; x_wconf 91' lang='lat' dir='ltr'><strong>plurima</strong></span> <span class='ocrx_word' id='word_1_244' title='bbox 481 3631 696 3717; x_wconf 87' lang='lat' dir='ltr'><strong>imponentes,</strong></span> <span class='ocrx_word' id='word_1_245' title='bbox 722 3632 860 3717; x_wconf 88' lang='lat' dir='ltr'><strong>turpiter</strong></span> <span class='ocrx_word' id='word_1_246' title='bbox 885 3635 1093 3720; x_wconf 86' lang='lat' dir='ltr'><strong>effugassent.</strong></span> <span class='ocrx_word' id='word_1_247' title='bbox 1120 3636 1162 3701; x_wconf 81' lang='lat' dir='ltr'><strong>Et</strong></span> <span class='ocrx_word' id='word_1_248' title='bbox 1186 3637 1264 3720; x_wconf 86' lang='lat' dir='ltr'><strong>quia</strong></span> <span class='ocrx_word' id='word_1_249' title='bbox 1287 3636 1457 3722; x_wconf 89' lang='lat' dir='ltr'><strong>predictus</strong></span> 
     </span>
     <span class='ocr_line' id='line_1_32' title="bbox 324 3738 1456 3825; baseline 0.002 -19"><span class='ocrx_word' id='word_1_250' title='bbox 324 3738 513 3807; x_wconf 84' lang='lat' dir='ltr'><strong>Alexander</strong></span> <span class='ocrx_word' id='word_1_251' title='bbox 544 3758 604 3806; x_wconf 92' lang='lat' dir='ltr'><strong>nec</strong></span> <span class='ocrx_word' id='word_1_252' title='bbox 628 3741 882 3825; x_wconf 87' lang='lat' dir='ltr'><strong>estimacionem,</strong></span> <span class='ocrx_word' id='word_1_253' title='bbox 909 3761 968 3809; x_wconf 91' lang='lat' dir='ltr'><strong>nec</strong></span> <span class='ocrx_word' id='word_1_254' title='bbox 994 3743 1095 3810; x_wconf 91' lang='lat' dir='ltr'><strong>eciam</strong></span> <span class='ocrx_word' id='word_1_255' title='bbox 1122 3743 1334 3810; x_wconf 89' lang='lat' dir='ltr'><strong>statuoionem</strong></span> <span class='ocrx_word' id='word_1_256' title='bbox 1367 3741 1456 3812; x_wconf 89' lang='lat' dir='ltr'><strong>dicte</strong></span> 
     </span>
     <span class='ocr_line' id='line_1_33' title="bbox 325 3845 1458 3934; baseline 0.003 -19"><span class='ocrx_word' id='word_1_257' title='bbox 325 3845 541 3934; x_wconf 82' lang='lat' dir='ltr'><strong>possessionis</strong></span> <span class='ocrx_word' id='word_1_258' title='bbox 557 3845 626 3912; x_wconf 90' lang='lat' dir='ltr'><strong>fieri</strong></span> <span class='ocrx_word' id='word_1_259' title='bbox 642 3846 796 3933; x_wconf 86' lang='lat' dir='ltr'><strong>permisit,</strong></span> <span class='ocrx_word' id='word_1_260' title='bbox 812 3867 889 3932; x_wconf 86' lang='lat' dir='ltr'><strong>ymo</strong></span> <span class='ocrx_word' id='word_1_261' title='bbox 919 3849 1147 3934; x_wconf 88' lang='lat' dir='ltr'><strong>potencialiter</strong></span> <span class='ocrx_word' id='word_1_262' title='bbox 1176 3848 1376 3934; x_wconf 87' lang='lat' dir='ltr'><strong>insurgendo</strong></span> <span class='ocrx_word' id='word_1_263' title='bbox 1403 3851 1458 3918; x_wconf 91' lang='lat' dir='ltr'><strong>bo·</strong></span> 
     </span>
     <span class='ocr_line' id='line_1_34' title="bbox 325 3953 1457 4042; baseline 0.004 -19"><span class='ocrx_word' id='word_1_264' title='bbox 325 3957 444 4024; x_wconf 91' lang='lat' dir='ltr'><strong>minem</strong></span> <span class='ocrx_word' id='word_1_265' title='bbox 460 3953 580 4022; x_wconf 93' lang='lat' dir='ltr'><strong>domini</strong></span> <span class='ocrx_word' id='word_1_266' title='bbox 595 3953 706 4039; x_wconf 86' lang='lat' dir='ltr'><strong>Regis,</strong></span> <span class='ocrx_word' id='word_1_267' title='bbox 721 3960 753 4022; x_wconf 88' lang='lat' dir='ltr'><strong>et</strong></span> <span class='ocrx_word' id='word_1_268' title='bbox 779 3956 996 4021; x_wconf 90' lang='lat' dir='ltr'><strong>testimoninm</strong></span> <span class='ocrx_word' id='word_1_269' title='bbox 1012 3957 1157 4042; x_wconf 84' lang='lat' dir='ltr'><strong>Capituli</strong></span> <span class='ocrx_word' id='word_1_270' title='bbox 1172 3958 1343 4042; x_wconf 88' lang='lat' dir='ltr'><strong>Agriensis</strong></span> <span class='ocrx_word' id='word_1_271' title='bbox 1360 3963 1457 4028; x_wconf 90' lang='lat' dir='ltr'><strong>modo</strong></span> 
     </span>
     <span class='ocr_line' id='line_1_35' title="bbox 323 4061 1456 4154; baseline 0.005 -24"><span class='ocrx_word' id='word_1_272' title='bbox 323 4064 495 4154; x_wconf 88' lang='lat' dir='ltr'><strong>prehabito</strong></span> <span class='ocrx_word' id='word_1_273' title='bbox 513 4061 715 4130; x_wconf 89' lang='lat' dir='ltr'><strong>uerberauit:</strong></span> <span class='ocrx_word' id='word_1_274' title='bbox 731 4082 790 4147; x_wconf 93' lang='lat' dir='ltr'><strong>pro</strong></span> <span class='ocrx_word' id='word_1_275' title='bbox 804 4061 867 4149; x_wconf 84' lang='lat' dir='ltr'><strong>hys</strong></span> <span class='ocrx_word' id='word_1_276' title='bbox 882 4063 1031 4132; x_wconf 91' lang='lat' dir='ltr'><strong>omnibns</strong></span> <span class='ocrx_word' id='word_1_277' title='bbox 1050 4065 1272 4148; x_wconf 82' lang='lat' dir='ltr'><strong>possesionem</strong></span> <span class='ocrx_word' id='word_1_278' title='bbox 1282 4087 1377 4134; x_wconf 83' lang='lat' dir='ltr'><strong>suam</strong></span> <span class='ocrx_word' id='word_1_279' title='bbox 1392 4069 1456 4136; x_wconf 91' lang='lat' dir='ltr'><strong>Du·</strong></span> 
     </span>
     <span class='ocr_line' id='line_1_36' title="bbox 237 4169 1452 4262; baseline 0.005 -22"><span class='ocrx_word' id='word_1_280' title='bbox 237 4256 241 4261; x_wconf 16' lang='grc' dir='ltr'><em>Π</em></span> <span class='ocrx_word' id='word_1_281' title='bbox 323 4176 383 4240; x_wconf 91' lang='lat' dir='ltr'><strong>bos</strong></span> <span class='ocrx_word' id='word_1_282' title='bbox 407 4176 576 4256; x_wconf 86' lang='lat' dir='ltr'><strong>vocatam,</strong></span> <span class='ocrx_word' id='word_1_283' title='bbox 609 4169 651 4236; x_wconf 94' lang='lat' dir='ltr'><strong>de</strong></span> <span class='ocrx_word' id='word_1_284' title='bbox 682 4189 747 4252; x_wconf 90' lang='lat' dir='ltr'><strong>qua</strong></span> <span class='ocrx_word' id='word_1_285' title='bbox 772 4170 917 4237; x_wconf 89' lang='lat' dir='ltr'><strong>exeundo</strong></span> <span class='ocrx_word' id='word_1_286' title='bbox 936 4171 1096 4256; x_wconf 88' lang='lat' dir='ltr'><strong>promissa</strong></span> <span class='ocrx_word' id='word_1_287' title='bbox 1111 4173 1223 4240; x_wconf 90' lang='lat' dir='ltr'><strong>omnia</strong></span> <span class='ocrx_word' id='word_1_288' title='bbox 1248 4178 1452 4262; x_wconf 87' lang='lat' dir='ltr'><strong>perpetrauit</strong></span> 
     </span>
     <span class='ocr_line' id='line_1_37' title="bbox 326 4277 1451 4364; baseline 0.003 -17"><span class='ocrx_word' id='word_1_289' title='bbox 326 4280 481 4348; x_wconf 86' lang='lat' dir='ltr'><strong>amiserat</strong></span> <span class='ocrx_word' id='word_1_290' title='bbox 496 4286 608 4347; x_wconf 90' lang='lat' dir='ltr'><strong>contra</strong></span> <span class='ocrx_word' id='word_1_291' title='bbox 625 4277 816 4362; x_wconf 86' lang='lat' dir='ltr'><strong>Magistrum</strong></span> <span class='ocrx_word' id='word_1_292' title='bbox 832 4277 959 4345; x_wconf 85' lang='lat' dir='ltr'><strong>Cudem</strong></span> <span class='ocrx_word' id='word_1_293' title='bbox 975 4287 1206 4364; x_wconf 73' lang='lat' dir='ltr'><strong>memoratum,</strong></span> <span class='ocrx_word' id='word_1_294' title='bbox 1224 4287 1256 4350; x_wconf 88' lang='lat' dir='ltr'><strong>et</strong></span> <span class='ocrx_word' id='word_1_295' title='bbox 1272 4281 1367 4350; x_wconf 92' lang='lat' dir='ltr'><strong>sicin</strong></span> <span class='ocrx_word' id='word_1_296' title='bbox 1378 4304 1451 4352; x_wconf 90' lang='lat' dir='ltr'><strong>ean·</strong></span> 
     </span>
     <span class='ocr_line' id='line_1_38' title="bbox 328 4383 1456 4475; baseline 0.004 -20"><span class='ocrx_word' id='word_1_297' title='bbox 328 4389 401 4458; x_wconf 91' lang='lat' dir='ltr'><strong>dem</strong></span> <span class='ocrx_word' id='word_1_298' title='bbox 426 4387 666 4475; x_wconf 90' lang='lat' dir='ltr'><strong>possessionem</strong></span> <span class='ocrx_word' id='word_1_299' title='bbox 682 4385 768 4452; x_wconf 86' lang='lat' dir='ltr'><strong>idem</strong></span> <span class='ocrx_word' id='word_1_300' title='bbox 784 4383 941 4468; x_wconf 88' lang='lat' dir='ltr'><strong>Magister</strong></span> <span class='ocrx_word' id='word_1_301' title='bbox 968 4384 1062 4454; x_wconf 86' lang='lat' dir='ltr'><strong>Cude</strong></span> <span class='ocrx_word' id='word_1_302' title='bbox 1079 4389 1323 4457; x_wconf 87' lang='lat' dir='ltr'><strong>sentencialiter</strong></span> <span class='ocrx_word' id='word_1_303' title='bbox 1349 4391 1456 4459; x_wconf 83' lang='lat' dir='ltr'><strong>luerat</strong></span> 
     </span>
     <span class='ocr_line' id='line_1_39' title="bbox 326 4493 1455 4579; baseline 0.004 -16"><span class='ocrx_word' id='word_1_304' title='bbox 326 4496 538 4564; x_wconf 87' lang='lat' dir='ltr'><strong>introductus.</strong></span> <span class='ocrx_word' id='word_1_305' title='bbox 566 4497 608 4562; x_wconf 76' lang='lat' dir='ltr'><strong>bt</strong></span> <span class='ocrx_word' id='word_1_306' title='bbox 643 4493 720 4577; x_wconf 89' lang='lat' dir='ltr'><strong>qnia</strong></span> <span class='ocrx_word' id='word_1_307' title='bbox 745 4513 843 4579; x_wconf 90' lang='lat' dir='ltr'><strong>super</strong></span> <span class='ocrx_word' id='word_1_308' title='bbox 867 4493 1024 4579; x_wconf 90' lang='lat' dir='ltr'><strong>premissa</strong></span> <span class='ocrx_word' id='word_1_309' title='bbox 1048 4493 1292 4564; x_wconf 90' lang='lat' dir='ltr'><strong>introduccione</strong></span> <span class='ocrx_word' id='word_1_310' title='bbox 1321 4499 1455 4567; x_wconf 89' lang='lat' dir='ltr'><strong>omuino</strong></span> 
     </span>
     <span class='ocr_line' id='line_1_40' title="bbox 328 4601 1457 4692; baseline 0.001 -17"><span class='ocrx_word' id='word_1_311' title='bbox 328 4605 584 4691; x_wconf 86' lang='lat' dir='ltr'><strong>contradixerat,</strong></span> <span class='ocrx_word' id='word_1_312' title='bbox 601 4609 634 4671; x_wconf 89' lang='lat' dir='ltr'><strong>et</strong></span> <span class='ocrx_word' id='word_1_313' title='bbox 658 4603 778 4670; x_wconf 85' lang='lat' dir='ltr'><strong>iterato</strong></span> <span class='ocrx_word' id='word_1_314' title='bbox 804 4601 921 4670; x_wconf 88' lang='lat' dir='ltr'><strong>citatus</strong></span> <span class='ocrx_word' id='word_1_315' title='bbox 947 4601 980 4666; x_wconf 90' lang='lat' dir='ltr'><strong>in</strong></span> <span class='ocrx_word' id='word_1_316' title='bbox 1005 4604 1174 4690; x_wconf 89' lang='lat' dir='ltr'><strong>presencia</strong></span> <span class='ocrx_word' id='word_1_317' title='bbox 1197 4604 1301 4692; x_wconf 88' lang='lat' dir='ltr'><strong>ipsius</strong></span> <span class='ocrx_word' id='word_1_318' title='bbox 1332 4604 1457 4677; x_wconf 87' lang='lat' dir='ltr'><strong>Judieis</strong></span> 
     </span>
    </p>
   </div>
   <div class='ocr_carea' id='block_1_3' title="bbox 0 0 1570 5192">
    <p class='ocr_par' dir='ltr' id='par_1_3' title="bbox 0 0 1570 5192">
     <span class='ocr_line' id='line_1_41' title="bbox 0 0 1570 5192; baseline 0 0"><span class='ocrx_word' id='word_1_319' title='bbox 0 0 1570 5192; x_wconf 95' lang='lat' dir='ltr'><strong> </strong></span> 
     </span>
    </p>
   </div>
  </div>
 </body>
</html>
