3124 5194
572 967 648 1034 162.

53 1169 117 1234 HI.
133 1168 248 1232 Eadre
262 1167 437 1252 kirdlyrrolr
454 1165 543 1245 Foco
561 1166 712 1250 helpodpet
740 1169 896 1252 tdrqyaad
920 1167 1021 1232 ite'lete
1046 1189 1067 1229 a
1093 1162 1179 1229 Cha'lr

306 1277 477 1361 acrnzetsdq
493 1274 562 1338 dbbb
577 1273 683 1359 tayjaa'
699 1273 781 1337 lebat.
801 1270 898 1338 1297.

149 1471 330 1559 (A)ndreas
365 1469 427 1537 Dei
450 1469 563 1551 gracia
603 1467 781 1552 Hungarie,
815 1468 993 1552 Dalmacie,
1032 1467 1175 1554 Oroacie,

53 1581 154 1664 Reme,
171 1579 297 1661 Seruio,
324 1577 471 1660 Gallicis,
501 1575 756 1660 Lodomcmerie,
776 1575 943 1660 Cumanie,
960 1576 1177 1660 Bulgarieque

6 1689 8 1696 ’
53 1690 114 1754 Rex
139 1687 288 1754 omnibus
314 1685 434 1751 Christi
458 1685 610 1752 fidelibus
636 1704 770 1769 presens
796 1687 951 1770 scriptum
980 1685 1177 1770 inspecturis

6 1813 7 1816 ’
57 1793 184 1862 salntem
201 1795 237 1860 in
254 1794 370 1860 salutis
386 1793 549 1876 largitore.
566 1793 618 1858 Ad
633 1792 855 1886 uniuersorum
881 1792 1038 1859 noticiam
1061 1791 1176 1858 harum

55 1903 130 1968 serie
154 1903 304 1968 uolumus
329 1901 511 1986 peruenire,
537 1900 624 1984 quod
649 1921 723 1966 cum
748 1901 880 1967 domina
904 1899 1086 1968 Katbcrina
1110 1899 1178 1965 filia

59 2009 171 2076 Thome
188 2011 247 2094 filij
267 2007 389 2076 Zlauch
405 2007 446 2074 de
465 2028 584 2092 genere
601 2007 716 2075 Gbaah
732 2009 880 2094 Paulum,
897 2009 1030 2074 Petrum
1055 2015 1088 2074 et
1112 2008 1179 2074 An·

59 2118 159 2184 dream
175 2118 264 2184 filios
280 2118 441 2184 lobannis
466 2116 509 2183 ad
534 2117 735 2202 presenciam
761 2118 960 2184 venerabilis
983 2117 1088 2201 patris
1113 2115 1177 2182 An·

54 2225 117 2293 dree
132 2225 193 2292 Dei
210 2225 325 2310 gracia
341 2224 495 2310 Episcopi
509 2225 679 2308 Agriensis
694 2244 793 2312 super
808 2224 894 2291 facto
911 2233 994 2293 terre
1007 2227 1099 2292 Foon
1123 2247 1178 2291 vo·

55 2341 118 2399 cate
133 2343 316 2415 euocasset,
335 2341 367 2398 et
382 2332 498 2402 eadem
524 2354 623 2400 causa
648 2353 757 2400 coram
784 2333 855 2420 ipsc
880 2333 1060 2401 venerabili
1085 2339 1177 2419 patre

55 2442 167 2509 diucius
184 2441 305 2510 fuisset
320 2442 491 2527 uentilata,
507 2443 554 2508 ita
571 2449 605 2509 ut
622 2442 717 2509 ambe
732 2449 842 2526 partes
856 2463 952 2528 super
978 2441 1064 2508 lacto
1091 2448 1176 2508 terre

6 2563 7 2632 j
22 2547 23 2552 ’
58 2549 135 2616 lbon
150 2559 267 2618 uocate
283 2572 344 2619 sua
359 2552 583 2637 instrumenta,
599 2552 714 2636 quibus
729 2551 950 2618 mediantibus
965 2552 1039 2636 ipsa
1049 2571 1177 2637 posses-

6 2697 7 2700 =
56 2659 96 2724 sio
110 2659 197 2727 Foon
215 2661 264 2727 eis
281 2665 331 2726 est
347 2660 479 2748 collata,
497 2659 648 2726 exhibere
675 2659 948 2746 assumpsissent;
975 2657 1177 2727 aduenienti·

6 2767 8 2774 “
55 2763 105 2832 bus
119 2768 266 2834 terminis
282 2765 324 2834 ad
341 2768 403 2834 hoc
418 2767 582 2854 deputatis
599 2766 713 2835 eedem
739 2765 869 2835 domina
894 2789 952 2851 per
978 2767 1178 2834 sufficientes

56 2882 270 2957 procuratores
286 2897 346 2944 sua
363 2877 562 2945 exhibuisset
576 2877 801 2966 instrumenta,
818 2878 944 2960 Paulus,
964 2878 1091 2964 Petrus,
1108 2875 1177 2942 Ste-

6 2969 7 2974 '
56 2984 172 3065 pbauus
189 2992 223 3051 et
239 2983 388 3052 Andreas
405 2993 630 3074 conparantes,
646 2986 713 3053 suis
730 3007 796 3052 non
813 2985 927 3052 muniti
952 2985 1176 3052 instrumentis

57 3089 218 3174 injudicio
246 3099 321 3159 sunt
344 3093 505 3179 conuicti,
530 3095 578 3160 ita
602 3101 637 3160 ut
662 3094 765 3161 altero
791 3093 926 3161 termino
953 3091 1177 3178 pereundam

55 3200 261 3267 venerabilem
277 3208 403 3287 patrem
421 3201 588 3285 assignato
605 3206 827 3287 conponerent,
839 3206 942 3268 etsua
963 3203 1178 3268 instrumenta

6 3389 7 3396 ἵ
55 3307 254 3394 exhiberent5
270 3310 450 3394 eodemque
464 3309 530 3378 alio
546 3311 683 3378 termino
699 3331 765 3377 non
790 3309 1056 3396 conpetentibus,
1075 3315 1107 3376 et
1117 3331 1178 3378 sua

6 3421 7 3430 ’
59 3415 247 3484 instumenta
256 3438 322 3483 non
333 3419 569 3504 exhibentibus,
578 3419 612 3483 in
623 3417 689 3484 alie
696 3417 821 3502 jndicio
832 3417 970 3494 conuicti
982 3416 1177 3504 extitissent,

56 3532 140 3605 prout
153 3525 187 3592 in
204 3526 326 3594 litteris
341 3526 486 3594 eiusdem
503 3526 697 3594 venerabilis
714 3526 820 3609 patris
836 3524 978 3592 uidimus
1003 3527 1175 3596 contineri.

58 3629 93 3695 Et
109 3633 164 3699 lite
180 3654 245 3699 non
263 3633 384 3717 decisa,
400 3654 508 3719 ymmo
519 3633 668 3720 pedente‚
680 3640 712 3702 et
727 3633 791 3700 fine
802 3633 983 3700 debitonon
994 3635 1177 3720 terminata,

58 3737 146 3821 ijdem
164 3743 298 3826 Paulus,
316 3743 439 3828 Petrus,
458 3742 643 3828 Stephanus
661 3742 854 3810 etAndreas
879 3741 985 3826 ipsam
1012 3741 1177 3810 dominam

58 3851 85 3910 et
98 3847 279 3933 Nyeolanm
304 3849 405 3916 filium
431 3869 524 3917 suum
550 3851 593 3917 ad
618 3851 823 3935 presenciam
849 3847 997 3936 Omodey
1020 3851 1178 3936 Palatini,

54 3950 161 4034 judicis
177 3978 235 4043 per
252 3977 311 4024 nos
329 3955 488 4044 deputati,
505 3957 660 4026 fecissent
686 3960 826 4044 euocari,
852 3965 1072 4044 proponentes
1104 3979 1178 4024 con·

59 4068 103 4126 tra
116 4065 213 4152 ipsos,
232 4072 267 4132 vt
283 4066 398 4132 eadem
414 4066 557 4154 domina,
586 4073 619 4134 et
636 4067 803 4153 Nycolaur
828 4065 914 4132 filius
932 4085 1019 4150 suus,
1048 4065 1177 4150 priuile-

61 4169 136 4249 gium
153 4195 263 4242 eorum
279 4195 376 4260 super
392 4178 481 4242 facto
507 4184 593 4242 terre
618 4177 709 4242 Foon
733 4176 949 4241 communiter
975 4193 1032 4256 per
1057 4172 1178 4256 Regem

60 4275 243 4364 Stephanum
261 4283 379 4350 collate
394 4281 575 4350 confectum
592 4284 799 4369 recepissent,
817 4289 849 4347 et
866 4287 1035 4348 seruarent
1062 4289 1178 4348 contra

59 4381 185 4470 ipsorum
203 4391 417 4478 uoluntatem,
435 4398 467 4458 et
492 4411 563 4457 cum
583 4410 718 4458 necesse
742 4390 933 4457 habuissent
957 4389 1002 4454 ad
1028 4388 1178 4455 exhihen-

60 4491 134 4582 dum,
149 4519 212 4566 non
229 4497 408 4566 dedissent.
427 4497 548 4596 Contra
565 4519 646 4583 quos
662 4497 820 4581 Magister
844 4497 1033 4584 Aladarins,
1059 4503 1091 4563 et
1116 4497 1176 4565 Be·

6 4643 8 4646 -
61 4605 193 4673 nedictus
235 4607 415 4696 Rntbenus,
443 4615 673 4692 procuratores
698 4606 846 4674 eiusdem
876 4605 1006 4673 domine
1037 4605 1179 4692 legitimi
