3124 5194
583 351 650 430 207

54 542 196 611 inuicem
214 541 421 628 diuidentem
436 565 458 612 a
473 545 592 627 quihus
607 543 815 632 protenditur
830 563 947 612 versus
962 543 1119 612 orientem
1146 545 1196 614 ad.

54 650 134 718 duas
150 651 290 720 arbores
307 651 348 720 de
364 671 493 736 quercu,
509 655 571 720 sub
588 653 703 736 quihus
720 659 770 720 est
794 651 908 736 quinta
933 658 1042 736 moto;
1068 651 1188 720 deindo

53 759 266 844 progreditur
289 779 404 827 versus
420 759 576 827 orientem
593 761 779 827 adsertam
795 766 924 845 metam,
942 779 1005 843 que
1020 766 1070 826 est
1085 761 1119 826 in
1138 763 1186 826 in-

52 884 169 954 gressu
185 865 360 934 cniusdam
375 866 465 952 flouij
493 869 599 934 Potok
615 865 734 953 uocati,
751 867 886 934 ueniens
911 866 953 934 do
977 865 1082 934 medio
1108 867 1188 934 uillc

53 973 201 1042 eiusdem
221 975 356 1043 Comitis
372 977 552 1060 Dominici,
572 976 692 1043 exinde
708 977 792 1044 inter
808 976 891 1044 dnos
907 983 1034 1044 montes
1051 976 1084 1041 in
1111 995 1188 1059 qua

52 1079 123 1149 dam
156 1083 252 1151 ualle
279 1105 392 1152 uersus
419 1085 577 1152 orientem
602 1085 732 1151 uenitur
762 1085 804 1149 ad
835 1084 999 1169 quondam
1023 1083 1188 1170 publicam

2 1183 3 1198 ¹
50 1190 134 1255 riam
150 1190 404 1276 Hatlounoguta
419 1199 582 1278 uocatam,
599 1190 643 1256 ad
658 1197 723 1258 tres
739 1191 873 1258 arbores
888 1191 930 1258 de
939 1191 1030 1278 piris,
1049 1209 1187 1276 quarum

53 1300 207 1381 suburra,
225 1321 289 1384 qne
300 1305 350 1366 est
367 1320 466 1385 prope
484 1298 526 1366 ad
543 1303 649 1384 ipsam
665 1299 764 1384 riam,
781 1305 856 1366 sunt
873 1299 936 1365 due
952 1305 1038 1366 mete
1053 1301 1189 1385 angula·

52 1424 120 1488 res;
138 1413 174 1471 et
192 1404 313 1472 cxiudc
329 1405 512 1472 declinatur
525 1406 762 1489 aliquantulum
787 1405 830 1472 ad
854 1407 1116 1492 septemtrionem
1143 1409 1186 1475 ad
1212 1409 1219 1416 “

52 1519 183 1594 metam,
201 1514 237 1579 in
254 1533 320 1597 qua
335 1519 386 1579 est
401 1531 559 1598 quercus3
586 1519 619 1580 et
644 1513 750 1580 eundo
778 1531 836 1597 per
860 1532 1015 1597 magnum
1040 1513 1187 1598 spacium

53 1625 148 1706 terre,
165 1620 288 1687 exhinc
303 1641 416 1688 uersus
433 1619 600 1688 meridiem
611 1621 762 1686 retroitur
772 1625 805 1686 et
813 1619 991 1687 reflectitur
1000 1618 1043 1686 ad
1052 1621 1187 1687 fluuium

53 1725 320 1812 hlamaspotaka
334 1733 497 1815 uocatum,
513 1727 570 1793 uhi
588 1728 701 1793 eodem
718 1733 803 1794 terra
819 1727 955 1814 Koachy
971 1749 992 1793 a
1007 1736 1096 1796 terro
1124 1730 1188 1795 Mo-

55 1835 191 1920 uasterij
212 1834 254 1900 de
269 1833 443 1918 Zebeguon
460 1839 649 1921 separatur3
667 1836 949 1920 proutapartibus
960 1835 1188 1919 recollegimus

57 1946 88 2006 et
103 1939 280 2020 didicimus
297 1943 441 2008 seriatim
457 1941 616 2028 premisso
633 1941 728 2009 modo
746 1949 778 2008 ct
794 1939 905 2008 ordino
930 1945 1042 2010 omnia
1067 1951 1099 2009 et
1124 1943 1189 2009 sin-

58 2045 135 2131 guia
149 2051 399 2133 premissorum.
415 2049 536 2116 Datum
564 2069 649 2116 anno
676 2049 808 2114 Domini
833 2047 952 2116 Μθθῦο
976 2051 1190 2134 nonagesimo

61 2153 105 2218 V⁰
120 2155 155 2222 in
170 2155 290 2239 vigilia
306 2155 419 2222 Sancti
428 2153 599 2223 Michaelis
608 2155 809 2239 Archangeli
826 2153 867 2222 de
884 2155 1079 2241 Septembri.

139 2350 195 2416 (Aa
208 2354 311 2404 eredeti
326 2350 392 2404 utin
405 2355 501 2406 Knauz
515 2327 764 2419 NeindorpMagyar
787 2354 852 2404 Sion
864 2355 915 2405 111.
929 2351 984 2406 hor.
999 2356 1059 2404 861.
1073 2353 1105 2421 l.)

585 3190 659 3258 138.

66 3367 92 3430 A
106 3369 317 3456 onpycdradt‘
332 3371 523 3435 konueotoek
550 3371 828 3457 bizooyca'plecele,
854 3372 937 3458 hopy
955 3341 1042 3454 Syke·
1054 3374 1085 3436 e'a
1100 3373 1190 3437 roko·

67 3477 119 3539 oui
142 3477 236 3543 More
251 3485 333 3541 neoti
341 3474 449 3562 fdldet
464 3477 619 3557 Benedcic,
635 3477 779 3542 Bcoedek
789 3478 921 3561 ficiculo,
937 3479 967 3544 c‘o
982 3479 1191 3543 e'rdclrtdrcao'·

464 3587 530 3650 nat
546 3586 683 3650 eladtciic.
703 3585 800 3649 1295.

168 3761 315 3828 Jacobus
339 3761 460 3828 Divino
476 3763 687 3830 miseracione
711 3762 898 3846 Propositus
914 3762 1061 3829 Ecclesie
1082 3763 1193 3830 Sancti

13 3853 16 3858 ¹
69 3863 224 3954 Stephani
250 3867 492 3937 Protomartiris
508 3869 550 3936 de
570 3870 793 3936 Promontorio
809 3869 1026 3952 Varadiensi‚
1045 3877 1195 3953 totusque

70 3972 250 4044 Conuentus
259 3977 323 4044 loci
333 3977 478 4045 eiusdem
489 3977 638 4044 omnihus
648 3979 769 4046 Christi
779 3978 931 4044 fidelihus
940 3997 1075 4063 presens
1092 3981 1191 4062 scrip-

69 4083 336 4167 tuminspeoturis
353 4085 492 4152 salutem
509 4086 542 4151 in
552 4085 691 4152 Domino
708 4085 947 4170 sempiternam.
965 4083 1016 4148 Ad
1032 4084 1196 4152 uniuerso·

68 4207 130 4256 rum
146 4191 304 4258 noticiam
314 4198 381 4258 tam
391 4193 606 4276 presencium,
617 4213 714 4278 quam
727 4191 905 4259 futurorum
916 4191 1031 4256 harum
1043 4191 1128 4258 serie
1140 4193 1191 4259 lit·

71 4300 206 4365 terarum
217 4301 364 4368 volumus
375 4301 555 4388 peruenire,
565 4301 650 4386 qnod
661 4299 911 4388 Sykc‚Dionisio
921 4319 961 4363 ac
970 4299 1105 4366 Nicoiao
1119 4299 1195 4384 firijs

72 4406 141 4494 suis,
158 4413 191 4472 et
215 4405 366 4474 Johenne
380 4407 481 4490 fratrc
497 4431 556 4476 suo
572 4409 614 4474 ab
630 4431 695 4477 vna
711 4415 821 4494 perte3
852 4406 1031 4472 Benedioto
1052 4406 1118 4472 filio
1134 4407 1197 4473 Be-

71 4511 196 4598 nedicti,
212 4514 396 4601 humberto,
413 4515 601 4601 Stephano,
628 4523 660 4583 ct
675 4514 831 4583 Ludizlao
861 4511 937 4578 filiis
954 4513 1040 4596 suis,
1057 4513 1197 4583 Nicolao

73 4618 133 4688 ilio
149 4621 295 4708 Bracch,
311 4623 444 4742 Andrea
458 4625 527 4692 tilio
542 4625 636 4710 Vide,
653 4623 852 4706 Laurencio,
869 4618 995 4687 Thoma
1003 4673 1014 4709 ,
1030 4621 1204 4709 Stephano
