3124 5194
871 365 1031 466 Q„

384 566 417 624 et
433 559 548 625 Alexio
567 559 635 626 filio
650 559 808 626 Feliciani
826 560 990 646 predicto,
1017 561 1185 645 sepedicto
1212 560 1373 642 Magistro
1390 557 1504 624 Andree

386 667 454 733 filio
469 667 597 734 Nicolai
623 669 664 734 de
690 666 819 754 Scyud,
844 688 884 734 ac
901 668 1065 735 uniuersis
1091 667 1265 734 heredibus
1287 667 1434 738 eiusdem
1450 669 1509 734 iure

389 782 544 862 perpetuo
560 783 593 842 et
609 776 812 843 irrcuocabili
824 774 1069 862 possidendam,
1081 775 1253 843 tenendam
1266 784 1302 842 et
1318 775 1510 858 habendam

384 884 600 950 instrumenta
634 903 710 949 nero
735 883 841 970 partis
870 883 1008 952 aduerso
1021 937 1031 970 ,
1064 885 1190 952 scilicet
1204 883 1340 951 Nicolai
1365 881 1407 948 de
1420 883 1512 950 linari

386 995 419 1054 et
433 989 540 1056 Alexii
555 991 613 1075 filij
631 991 791 1056 Feliciani
816 993 1047 1080 predictorum,
1063 999 1130 1058 tarn
1147 991 1362 1076 priuilegium
1380 990 1513 1057 eiusdem

388 1095 510 1162 domini
529 1099 607 1164 Bele
621 1099 730 1182 Regis,
745 1119 842 1182 qnam
862 1100 930 1167 alia
945 1101 1108 1186 uniuersa,
1125 1099 1271 1166 nolentes
1289 1119 1391 1164 cassa
1407 1119 1475 1166 esse
1489 1109 1513 1165 cl

384 1205 510 1272 uiribus
526 1207 688 1293 carenda,
706 1215 774 1274 tam
791 1209 871 1292 ipsis
898 1209 1139 1292 instrumentis,
1171 1229 1269 1291 qnam
1286 1209 1368 1274 aliis
1378 1261 1388 1294 ‚
1417 1209 1511 1293 sique

384 1311 603 1380 fraudulenter
620 1325 861 1400 conseruerant,
889 1325 1081 1403 perpetuum
1107 1317 1279 1384 silencium
1314 1315 1513 1401 imponendo.

385 1423 492 1488 Tener
508 1441 585 1488 vero
600 1423 764 1512 priuilegii
781 1425 1000 1511 predictorum
1019 1425 1256 1492 cruciferorum
1272 1425 1374 1491 nobis
1392 1423 1514 1490 exhibiti

386 1529 555 1596 tulisset:

492 1635 607 1702 lister
622 1637 751 1704 Marcus
785 1639 875 1705 Prior
891 1647 922 1707 et
948 1639 1132 1707 Consentes
1149 1639 1396 1707 Gracilerorum
1414 1639 1513 1706 Eccle-

385 1746 435 1813 sia
450 1747 569 1812 Sancte
585 1744 755 1812 Trinitatis
774 1745 816 1811 de
833 1745 959 1813 Calidis
984 1749 1088 1833 Aquis
1104 1747 1166 1814 stb.
1194 1745 1418 1835 (kevetkezik
1435 1767 1454 1810 a
1468 1745 1515 1810 lel·
1551 1745 1555 1752 '

387 1852 514 1918 hevmzi
532 1851 742 1919 lronvcntnelr
764 1853 899 1920 128l-lri
927 1853 1225 1940 bizouystglerele,
1241 1855 1327 1920 mint
1345 1854 1514 1939 gyujteme·

387 1959 502 2045 nydnlr
517 1959 576 2025 IX.
594 1961 710 2044 vagyis
726 1979 747 2024 a
763 1959 915 2026 maeodik
941 1959 1063 2044 lolyam
1079 1960 1135 2027 IV.
1152 1962 1333 2030 kdteteben
1352 1959 1478 2048 3221.)

495 2071 602 2135 Tenor
618 2088 694 2134 voro
709 2068 876 2135 literarum
895 2081 1078 2137 nostrarum
1095 2073 1172 2136 talis
1189 2079 1238 2138 est
1255 2099 1263 2138 :

495 2175 776 2242 Excellentissimo
801 2176 931 2242 domino
957 2199 1016 2244 suo
1041 2179 1169 2244 Andrec
1186 2179 1247 2244 Dei
1265 2180 1386 2262 gracia
1403 2175 1511 2243 illustri

389 2283 472 2366 Regi
488 2283 631 2366 Vngarie
656 2281 843 2368 Capitulum
869 2285 1015 2352 Ecclesie
1030 2287 1200 2353 Vaciensis
1218 2288 1394 2352 oraciones
1412 2285 1444 2350 in
1458 2287 1510 2350 Do·

389 2393 476 2458 mino
492 2391 619 2458 debitas
643 2398 676 2458 et
706 2391 853 2458 denotas.
881 2394 1031 2479 Receptis
1064 2395 1179 2461 litteris
1207 2395 1322 2461 Vestra
1340 2390 1510 2460 Maiestatis

390 2501 483 2567 iuxta
499 2500 735 2566 continenciam
762 2502 937 2567 earundem
963 2523 1035 2569 cum
1062 2503 1174 2569 Blasio
1206 2502 1248 2569 de
1264 2503 1378 2570 Suran
1395 2501 1510 2568 homine

391 2615 499 2677 vestro
522 2609 609 2676 Bone
625 2609 825 2676 sacerdotem
844 2610 885 2676 de
910 2612 1024 2678 eadem
1056 2611 1136 2678 villa
1161 2613 1267 2678 Suran
1288 2612 1439 2680 misimus
1453 2608 1510 2672 rice

392 2723 504 2783 nostra
519 2738 577 2804 pro
592 2718 776 2784 testimonio
795 2718 858 2784 lide
868 2717 1001 2803 dignum
1016 2744 1023 2804 5
1040 2721 1095 2804 qni
1111 2720 1243 2786 demum
1259 2720 1303 2785 ad
1319 2741 1383 2786 nos
1394 2717 1512 2783 redeun-

392 2832 450 2911 tes,
466 2824 560 2892 nobis
577 2825 778 2891 concorditer
795 2826 992 2892 retulerunt:
1012 2827 1099 2909 quod
1116 2825 1200 2893 idem
1217 2828 1312 2895 homo
1330 2835 1440 2894 vester
1453 2841 1509 2907 pre

392 2940 484 3002 sente
499 2939 608 3000 nostro
626 2932 829 3019 testimonio,
856 2935 1011 3018 aquibus
1036 2935 1144 3002 decuit
1175 2943 1207 3001 et
1231 2935 1344 3022 licuit,
1362 2943 1396 3002 et
1411 2938 1446 2997 nt
1459 2928 1511 2994 eui-

392 3041 506 3108 denter
520 3042 605 3106 scire
621 3041 735 3126 potuit,
751 3040 840 3108 fideli
855 3062 895 3108 ac
913 3043 1062 3126 diligenti
1087 3043 1303 3126 inquisicione
1318 3041 1411 3108 lacta
1425 3038 1509 3104 talen

392 3149 567 3217 sciuissent
583 3149 774 3232 ueritatem3
792 3149 878 3231 qnod
895 3150 1068 3234 priuilegia
1094 3153 1217 3232 Regum
1235 3149 1396 3234 Stephani
1414 3157 1444 3214 et
1458 3145 1508 3210 La·

393 3256 491 3322 dizlai
516 3255 642 3342 piarum
666 3257 893 3324 memoriarum
919 3257 1160 3324 confirmatoria
1191 3257 1439 3342 priuilegiorum
1467 3251 1509 3316 do

394 3365 473 3432 mini
488 3363 566 3431 Bele
580 3363 680 3448 Regis
700 3363 889 3431 felicissime
914 3364 1172 3450 recordacionis,
1204 3383 1302 3450 super
1316 3362 1508 3450 possessione

395 3473 528 3544 Comitis
540 3473 670 3538 Andree
687 3474 839 3557 Kuarzeg
865 3481 982 3540 uocata
1006 3473 1234 3558 confectorum,
1251 3493 1311 3555 per
1328 3467 1508 3540 confraecio·

394 3605 469 3650 nem
486 3585 585 3652 turris
602 3583 706 3668 ipsius
732 3584 865 3651 Comitis
895 3582 1026 3650 Andree
1056 3584 1237 3670 supradicti
1269 3585 1356 3652 inter
1382 3585 1508 3666 dampna

395 3699 504 3758 cetera
519 3693 686 3758 destructa
700 3693 841 3758 luissent
857 3699 889 3758 et
906 3692 1083 3777 confracta,
1094 3693 1166 3778 ipso
1182 3700 1290 3759 vestm
1308 3691 1438 3758 homine
1452 3705 1510 3776 pro·

396 3799 516 3866 lectum
532 3798 759 3882 inquisicionis
775 3798 968 3864 allirmante.

502 3906 609 3976 Tenos
624 3931 701 3978 uero
726 3910 906 3976 litterarum
925 3908 1087 3995 Prepositi
1113 3915 1146 3976 et
1173 3909 1360 3976 Conuentus
1378 3911 1418 3976 de
1433 3907 1509 3984 sag

395 4015 471 4083 talis
487 4024 556 4084 est:

503 4123 788 4191 Excellentissimo
813 4123 943 4190 domino
959 4143 1019 4191 suo
1034 4123 1165 4191 Andree
1182 4125 1245 4190 Dei
1272 4125 1391 4209 gracia
1407 4117 1506 4190 illustri

396 4231 479 4316 Regi
495 4233 640 4314 Vngarie
670 4232 855 4315 Propositus
872 4239 905 4298 ot
930 4232 1116 4300 Oonuentus
1142 4233 1280 4299 fratrum
1298 4229 1430 4297 Ordinis
1445 4229 1506 4296 Pre-

397 4339 643 4406 monstratensis
661 4335 700 4404 de
717 4338 807 4422 Saag
823 4339 1010 4406 oraclorum
1029 4339 1186 4423 suffragia
1197 4337 1402 4407 denotatum.
1418 4339 1505 4405 Noue-

398 4447 440 4513 rit
455 4449 574 4514 Vestra
590 4447 696 4530 Regia
730 4445 904 4533 Celsitudo,
936 4449 1021 4532 quod
1047 4447 1173 4516 litteras
1190 4447 1305 4514 Vestra
1321 4442 1507 4516 Excellencio

396 4554 488 4622 nobis
505 4553 711 4620 transmissas
729 4555 947 4638 receperimus
964 4553 1049 4622 huno
1065 4562 1209 4624 tenorem
1226 4557 1452 4623 continentes:

504 4656 651 4726 Andreas
666 4659 728 4723 Dei
754 4661 869 4744 gracia
893 4663 961 4727 Rex
986 4661 1129 4745 Vagarie
1153 4662 1308 4731 fidelibus
1324 4662 1395 4730 suis
1409 4663 1505 4748 Prepa
