3180 5202
918 934 996 1003 293.

386 1128 419 1193 Α
434 1131 526 1213 pc'caa‘
542 1129 771 1215 kdptulunnak
785 1129 1061 1216 bizonpaapbode,
1076 1133 1160 1217 boqy
1190 1153 1232 1197 uz
1263 1133 1398 1198 crdekelt
1419 1131 1492 1216 J'ebb

433 1233 535 1300 Boaol
551 1235 658 1303 birtok
673 1241 927 1324 Ῑιαίάιῇάνάεάνα
940 1240 1034 1303 aava
1049 1237 1259 1325 opperierint.
1274 1218 1326 1306 dv
1340 1239 1450 1304 adiab

497 1427 565 1492 Nos
582 1423 767 1510 Capitulum
783 1423 1135 1509 Quinqueeccleaienee
1150 1423 1315 1496 'memorie
1345 1431 1496 1498 comenda·

389 1552 472 1620 mua,
491 1532 578 1616 qnod
593 1553 666 1600 cum
680 1533 773 1600 iuxta
788 1524 925 1599 sormam
939 1517 1124 1603 litterarum
1139 1533 1267 1603 Judicis
1282 1534 1379 1603 Gnrie
1393 1537 1496 1604 donnini

389 1639 490 1725 Regis
506 1644 622 1706 octauo
637 1638 690 1707 die
705 1645 782 1706 anto
812 1637 933 1706 sentum
962 1641 1207 1710 Purificacionia
1238 1642 1342 1710 Beate
1371 1643 1496 1729 Virginis

388 1754 507 1812 terram
525 1747 623 1814 Boeol
639 1753 788 1813 uocatam
790 1765 916 1833 ,anper
931 1765 997 1830 qua
1012 1748 1097 1815 inter
1112 1749 1308 1835 Magistrum
1323 1751 1497 1818 Coriardum

391 1860 423 1920 ct
439 1853 601 1922 abbatem
616 1853 803 1939 Monaaterij
828 1853 942 1922 Sancti
957 1852 1074 1922 Jacobi
1089 1855 1131 1923 de
1146 1856 1247 1943 Zelyn
1263 1858 1307 1924 ab
1323 1878 1390 1927 uua
1414 1864 1502 1944 parte,

392 1968 424 2027 et
438 1961 523 2028 inter
537 1959 675 2028 Paulum
690 1967 723 2028 et
738 1960 850 2046 (burgh
865 1959 948 2028 tilios
963 1961 1103 2033 Iwahnn
1118 1964 1160 2032 dc
1174 1963 1338 2048 Wyuulov
1354 1968 1397 2034 ab
1411 1966 1501 2032 altera

392 2068 607 2153 contenditur,
624 2067 801 2136 secundum
818 2067 958 2136 formam
972 2069 1138 2156 priuilegij
1164 2069 1338 2138 recolende
1368 2068 1564 2140 recorda·

392 2175 494 2243 cionin
509 2176 588 2242 Belc
613 2173 714 2259 Regia
727 2175 872 2258 Vngauie
888 2194 996 2242 coram
1012 2177 1142 2244 bomine
1157 2183 1267 2246 nostro
1282 2183 1395 2265 partae
1418 2197 1501 2263 nuper

378 2280 477 2350 'facie
493 2281 638 2349 eiusdem
663 2289 749 2348 terre
778 2282 879 2350 Bosol
909 2290 1147 2368 comparentes,
1178 2289 1311 2370 propter
1326 2284 1500 2352 habundan-

394 2390 543 2473 ciamque
557 2389 680 2456 niuinm
697 2409 809 2458 aurona
824 2395 982 2458 metarum
998 2389 1142 2458 eiusdem
1165 2397 1250 2459 terre
1280 2392 1504 2460 continenciam
1574 2403 1575 2438 1

393 2494 427 2560 in
443 2491 570 2578 prefato
585 2494 762 2581 priuilegio
778 2494 911 2562 minime
925 2495 1123 2580 reperientes
1153 2497 1379 2581 perambulare
1409 2499 1507 2584 nequi
1573 2459 1575 2582 1

394 2600 530 2687 uincent,
545 2607 640 2685 prout
655 2601 716 2669 hoc
731 2609 841 2668 noster
857 2621 931 2670 cum
955 2602 1142 2670 hominibus
1173 2607 1345 2672 ambarum
1376 2607 1575 2710 parcium

381 2708 439 2774 'ad
453 2727 513 2776 uos
528 2727 677 2776 reuersae
693 2705 818 2796 (homo)
835 2709 929 2779 nobie
945 2706 1038 2778 dixit.
1053 2711 1168 2796 ltaque
1184 2711 1301 2781 Comes
1316 2711 1421 2780 Dama
1432 2711 1575 2780 filiun

396 2815 484 2884 Genu
500 2814 541 2882 de
555 2834 676 2901 genere
691 2816 789 2902 Gour,
813 2823 845 2884 et
861 2815 976 2886 Comes
992 2816 1142 2886 Andreae
1172 2818 1258 2887 filins
1288 2816 1429 2903 Fabjani
1455 2840 1505 2906 pro
1573 2813 1575 2924 J

394 2923 551 3009 Magistro
567 2921 723 2990 Conlardo
739 2929 772 2992 et
786 2923 916 2992 Abbate
930 2925 1117 3010 Monaeterij
1134 2923 1254 3011 prefati
1267 2925 1310 2992 ab
1339 2945 1406 2992 nna
1418 2933 1506 3012 parte,
1573 2929 1575 3000 i

395 3031 508 3116 Gurgh
523 3029 689 3117 predictus
704 3048 763 3115 pro
778 3048 814 3096 ae
831 3037 864 3098 et
878 3051 937 3116 pro
952 3031 1056 3099 Paulo
1071 3031 1174 3098 fratre
1188 3050 1247 3098 auo
1278 3031 1320 3098 ab
1352 3029 1453 3098 altera
1479 3031 1508 3096 in
1570 3023 1575 3118 i

397 3145 509 3207 nostra
523 3136 694 3225 presencia
708 3134 873 3206 constituti
888 3137 1185 3206 reambulacionem
1203 3136 1349 3223 predicto
1363 3143 1445 3206 terre
1459 3137 1510 3202 Bo-
1573 3163 1575 3178 ι

395 3248 443 3314 eol
459 3251 677 3330 prorogarunt
686 3264 745 3331 per
761 3243 985 3312 hnncmodum
997 3263 1004 3305 :
1015 3243 1144 3330 quodin
1154 3244 1433 3338 quindenis-medij
1448 3241 1510 3310 XI:
1573 3267 1575 3308 z

397 3375 448 3422 me
465 3374 535 3421 cum
552 3352 683 3420 homine
706 3357 832 3440 nostro,
848 3357 881 3420 et
895 3351 1101 3437 presentibus
1116 3348 1236 3417 ibidem
1252 3350 1394 3435 Boloaey
1410 3351 1450 3418 dc
1463 3349 1512 3415 Pc-
1573 3401 1575 3440 ;

395 3459 506 3548 cherd,
523 3457 667 3527 Abertho
682 3459 724 3528 de
734 3457 840 3546 Lody,
851 3457 985 3527 Chellco
994 3459 1070 3544 filija
1079 3457 1182 3544 Oknr,
1192 3476 1274 3542 qnos
1283 3457 1443 3543 Magister
1451 3455 1513 3522 dor·
1568 3443 1575 3536 «ἶ

396 3567 508 3636 landae
524 3567 677 3634 etAbbas
694 3566 890 3653 adduceret,
904 3565 982 3633 item
997 3566 1093 3633 Petro
1109 3565 1176 3632 filio
1191 3563 1352 3632 Jobannia
1367 3563 1410 3633 do
1428 3561 1512 3648 WJn·
1574 3641 1575 3650 ἶ

396 3678 478 3762 nior,
502 3675 634 3742 Beuche
652 3681 685 3743 et
702 3674 829 3741 Thomu
846 3673 922 3759 fiiija
942 3673 1111 3761 Stephani,
1131 3691 1212 3757 quoa
1228 3671 1350 3738 Paulus
1367 3675 1402 3736 ct
1413 3665 1510 3750 Gurgb
1573 3719 1575 3726 ι

398 3779 606 3869 adducerent,
618 3781 865 3869 parteaprefate
881 3780 1154 3868 perambulabunt
1169 3780 1277 3865 ipsam
1294 3785 1416 3845 terram
1430 3771 1514 3842 Bonoi
1572 3771 1575 3844 ἵ

398 3889 576 3957 secundum
590 3890 729 3956 formam
744 3887 925 3957 litterarum
940 3885 1145 3973 padictarnm
1160 3885 1288 3954 Jndicin
1304 3885 1405 3952 Ourie
1431 3878 1512 3948 donni
1573 3899 1575 3966 j

398 4017 433 4063 ιιι
423 3997 557 4082 Regia,
575 4003 608 4063 et
622 3994 802 4064 secundnm
818 4015 947 4064 cursum
966 4001 1134 4084 metarum,
1151 4015 1233 4081 quaa
1243 4000 1350 4061 metas
1366 3985 1511 4074 idempri·

399 4103 567 4191 uileginm,
583 4107 640 4169 aut
655 4108 749 4169 tenor
764 4101 910 4170 eiusdem
935 4101 1100 4189 priuilegij
1133 4100 1296 4170 coniectos
1328 4099 1391 4167 sub
1424 4075 1575 4214 nostro}

399 4209 509 4294 sigillo
525 4207 725 4292 nominabit,
742 4213 776 4276 ct
790 4229 820 4276 an
810 4208 946 4294 'aliqua
963 4207 1046 4276 forte
1061 4207 1255 4276 contencio'
1245 4227 1282 4273 ιιι
1296 4197 1548 4274 reambulacio·

398 4337 442 4384 ue
457 4314 599 4383 eiuadem
616 4321 702 4381 terre
717 4313 929 4383 exhoreretnr
944 4319 977 4382 et
993 4313 1084 4382 fieret
1098 4315 1183 4381 inter
1198 4317 1321 4400 partes,
1332 4317 1450 4380 extunc
1458 4323 1513 4394 pre
1573 4299 1575 4392 ζ

340 4465 342 4471 ·
400 4422 558 4494 nominati
575 4421 786 4490 arbitratorea
816 4419 942 4490 faciant
976 4419 1185 4492 concordiam
1221 4419 1420 4490 arbitrantes
1447 4417 1517 4484 inter

1572 4571 1575 4758 i

1552 4963 1575 5186 j
