3180 5202
643 992 720 1060 asa.
787 977 792 994 ’

1 1193 3 1207 ’
110 1189 232 1253 istacin
249 1210 349 1253 eomes
364 1191 645 1277 alorozdpdirdnok
660 1194 836 1261 testatam
860 1197 995 1263 Bastedi
1020 1199 1134 1264 Endre
1151 1222 1248 1266 eomes
1375 1185 1377 1194 x

1 1297 2 1306 ’
162 1306 298 1382 dzoepye
315 1300 348 1361 e's
364 1299 441 1381 fiai,
456 1322 472 1362 a
490 1299 598 1364 Zoard
611 1313 722 1368 mester
746 1302 835 1369 Weca
852 1307 998 1401 nnokdja
1011 1308 1090 1373 tarr.
1106 1305 1203 1372 1300.

229 1494 297 1562 Nos
314 1495 431 1562 Comes
461 1497 646 1582 Stephanus
671 1497 851 1584 Vioejudex
883 1497 979 1566 Curie
1010 1502 1131 1570 domini
1147 1504 1247 1587 Regis

112 1599 275 1669 memorie
290 1601 555 1671 commendantes
571 1603 791 1689 significamus
811 1607 960 1674 omnibns
980 1609 1096 1690 quibus
1114 1611 1248 1694 expedit

114 1710 326 1794 presenoinm
344 1730 403 1794 per
419 1715 582 1778 tenorem:
613 1709 699 1795 qnod
714 1731 786 1780 enm
811 1712 977 1796 Nyeolaus
1002 1715 1090 1782 filias
1115 1714 1247 1782 Comitis

0 1844 2 1891 p
112 1817 252 1884 Andree
267 1817 309 1883 de
323 1819 447 1884 Banteh
464 1817 497 1883 in
513 1818 773 1904 nonemjadioijs
784 1845 791 1898 ;
804 1819 880 1886 item
896 1821 1054 1899 Andreas,
1070 1821 1246 1906 iohannes,

17 1975 23 1982 -
117 1933 152 1992 et
167 1927 259 1992 Beer
274 1926 333 2012 filij
351 1927 421 1994 eius
439 1925 574 1992 Comitis
589 1927 733 2015 Andree‚
744 1935 775 1995 et
791 1929 923 1996 domina
938 1935 1044 1996 mater
1059 1929 1245 2015 eorundem,

8 2040 19 2075 ’-
116 2053 179 2118 pro
212 2054 256 2116 se,
274 2041 410 2120 excepto
441 2035 577 2102 iiioolao
603 2035 804 2124 supradioto,
820 2037 855 2104 in
886 2036 964 2120 alijs
981 2056 1097 2103 nouem
1108 2035 1248 2122 judioijs

118 2141 216 2208 iuxta
231 2143 370 2210 formam
384 2142 563 2210 litterarum
588 2143 824 2210 memorialium
840 2144 1061 2229 Vioejudionm
1076 2143 1172 2212 Ourie
1187 2146 1247 2209 Re-

0 2333 1 2346 *
117 2249 175 2334 gie
193 2257 226 2316 et
242 2255 423 2318 nostrornm
443 2255 553 2318 contra
562 2251 752 2334 Magistrum
762 2251 869 2318 Zoard
878 2259 1031 2338 nepotem
1045 2252 1250 2318 Weohiaxta

119 2359 335 2426 diuersitates
352 2361 522 2426 aooionnm
539 2357 685 2426 eiusdem
701 2359 815 2427 ordine
830 2359 1001 2430 iudiciario
1017 2361 1156 2426 oonuioti
1175 2359 1250 2426 fnis-

0 2525 1 2536 ,
118 2471 201 2546 sent,
219 2473 252 2530 et
267 2467 401 2532 racione
417 2467 558 2551 ipsoram
577 2465 787 2552 indiciorum,
822 2473 854 2534 et
869 2487 927 2552 pro
954 2467 1050 2535 foetis
1066 2465 1249 2554 prineipali-
1378 2483 1380 2490 ’

0 2624 1 2647 t
118 2575 192 2658 bns,
210 2569 363 2640 videlieet
378 2574 540 2660 dampnis,
560 2572 763 2640 noeumentis
774 2581 821 2640 ‘et
846 2574 973 2658 iniurijs
988 2595 1047 2660 per
1062 2573 1168 2658 ipsum
1184 2574 1249 2657 Ny-

119 2681 248 2748 eolanm
264 2680 366 2748 fitium
385 2681 517 2748 Comitis
549 2681 679 2748 Andree
704 2681 749 2746 ad
774 2682 917 2748 valorem
934 2681 1152 2764 quadraginta
1168 2699 1249 2746 mar·

0 2816 1 2835 ÷
119 2809 246 2874 aarum,
265 2787 506 2872 iobagionibus¹
519 2787 598 2854 dieti
614 2787 763 2872 Magistri
788 2787 896 2854 Zoard
921 2795 953 2854 et
968 2788 1096 2874 populis
1112 2787 1250 2856 aliarum

119 2897 274 2964 villarum
291 2895 473 2962 defensioni
489 2915 545 2962 seu
555 2895 757 2981 proteooioni
772 2894 1019 2962 sneoommissis
1036 2895 1070 2960 in
1080 2892 1251 2960 ablaoione

118 3005 238 3075 bonam
255 3010 288 3070 et
303 3003 440 3070 aliorum
457 3002 657 3090 animalium,
678 3003 749 3069 siae
774 3021 881 3069 rernm
898 3001 1072 3068 eorundem
1088 3018 1190 3083 usqne
1206 2998 1250 3064 ad

118 3129 257 3196 presens
273 3130 331 3196 per
346 3111 476 3176 modum
491 3110 652 3195 latrooinij
670 3109 831 3193 irrogatis,
850 3113 882 3174 et
904 3108 1009 3174 eniam
1024 3105 1155 3173 rarione
1171 3125 1249 3188 qna·

120 3226 195 3284 tuor
210 3217 331 3284 bouum
347 3217 381 3282 in
398 3216 477 3283 uilla
493 3217 638 3284 eiusdem
663 3214 812 3299 Magistri
828 3211 935 3281 Zoard
950 3212 1181 3280 Zenthalberth
1198 3233 1251 3278 vo·

120 3331 196 3392 eata
212 3344 272 3409 per
289 3325 426 3390 eundem
457 3325 628 3392 Nioolaum
658 3324 820 3411 pendente
844 3323 902 3391 lite
917 3323 1120 3405 ablatorum,
1151 3337 1251 3402 super

122 3434 241 3518 quibas
258 3434 407 3501 omnibus
417 3433 502 3500 idern
518 3435 674 3520 Magister
681 3432 790 3502 Zoard
799 3438 911 3500 eontra
926 3429 1063 3498 eandem
1078 3428 1251 3495 Nioolanm

121 3563 181 3627 per
197 3559 233 3609 se
250 3541 380 3608 dicebat
395 3541 518 3612 habere
535 3542 711 3628 accionem,
729 3549 767 3638 et·
776 3542 908 3609 rasione
922 3537 1160 3628 hospitalitatis
1180 3553 1252 3602 oon·

122 3655 174 3716 tra
189 3649 384 3737 iohannem,
409 3647 574 3716 Andrean
594 3657 626 3717 et
635 3651 733 3736 Beer,
751 3671 791 3716 ao
806 3649 972 3717 dominam
988 3652 1126 3713 matrem
1142 3663 1251 3710 eorun-

124 3755 196 3824 dem
213 3775 363 3825 asserens
380 3759 451 3842 ipse
468 3757 626 3842 Magister
642 3756 761 3844 Zoard,
779 3756 866 3841 qnod
883 3755 981 3839 ijdem
997 3753 1175 3836 Johannes,
1187 3750 1252 3815 An·

125 3864 222 3934 dress
238 3869 271 3930 et
286 3865 386 3948 Beer,
398 3884 437 3930 ao
453 3863 586 3930 domina
602 3869 707 3932 mater
722 3865 865 3950 ipsoram
881 3863 969 3930 dioto
984 3859 1130 3948 Nyoolao
1145 3861 1177 3922 et
1187 3855 1254 3922 sais

8 4020 13 4031 ·
124 3972 341 4059 eomplicibus
358 3975 392 4040 in
408 3972 557 4040 omnibns
573 3972 742 4058 premissis
757 3971 896 4040 fuissent
918 3967 1095 4052 hospitati,
1112 3971 1144 4032 et
1169 3961 1255 4046 qnod

123 4080 213 4150 idem
231 4083 400 4167 Nyoolans
417 4082 458 4147 de
475 4082 558 4167 ipsis
574 4081 748 4167 ueniendo,
760 4088 793 4148 et
808 4081 925 4146 iterato
936 4075 1041 4143 eundo
1052 4073 1095 4141 ad
1111 4069 1253 4153 eosdem,

123 4196 157 4256 et
174 4209 247 4255 eum
265 4188 389 4255 eisdem
413 4186 620 4255 distrahendo
646 4207 704 4256 seu
721 4185 936 4272 expendendo
952 4181 996 4247 de
1011 4179 1096 4246 facto
1112 4179 1255 4264 ipsorum

124 4298 235 4365 omnia
250 4297 413 4383 premissa
426 4317 485 4382 per
516 4297 645 4364 modum
657 4278 870 4382 prehabitum
900 4293 1097 4374 irrogasset,
1130 4291 1162 4352 et
1177 4281 1255 4352 lieet

125 4404 213 4472 idem
231 4405 388 4489 Magister
403 4405 509 4472 Zoord
524 4426 584 4491 pro
600 4404 682 4491 ipsis
706 4404 804 4472 saetis
819 4397 1057 4487 principalibus
1074 4402 1106 4463 et
1117 4391 1254 4480 jndioijs

124 4516 226 4582 semel
244 4520 278 4584 et
295 4513 437 4590 seeundo
454 4515 487 4581 in
506 4513 744 4599 possessionem
760 4511 859 4577 Sarae
875 4513 1024 4576 vooatam
1042 4504 1077 4570 in
1094 4502 1255 4571 Comitatu

124 4621 346 4711 strigoniensi
362 4621 491 4690 nomine
506 4619 723 4708 possessionis
750 4612 1091 4700 eorundemNioolay,
1116 4607 1256 4676 Andree
