3124 5194
613 997 690 1068 117.

83 1192 149 1265 ΙΙΙ.
165 1195 275 1262 Eadre
305 1195 418 1284 kira‘ly
451 1200 627 1283 menevensi
657 1196 719 1264 IV.
750 1197 866 1266 Lanato
896 1200 927 1266 ts
958 1198 991 1268 V.
1018 1199 1131 1268 lstudo
1152 1201 1206 1273 lti-

3 1397 4 1404 Ὶ
82 1304 258 1388 rolyolroal
276 1307 499 1390 angulsaiyeti
518 1305 741 1391 apdezaarirdo
756 1308 1203 1396 separaris-neomeniarum

372 1414 544 1480 ooootkozt
563 1413 803 1480 azabadulmoit.
822 1415 919 1483 1295.

188 1607 338 1675 Andreas
355 1609 416 1675 Dei
431 1612 545 1696 grauia
560 1609 728 1696 Huugaria
743 1611 925 1700 Dalmaoie,
937 1610 1082 1701 Croaeie,
1093 1613 1207 1701 Rama,

3 1715 4 1760 3
81 1714 204 1804 Sernie,
220 1716 370 1806 Gallicis,
385 1718 588 1807 Lodomerie,
605 1721 759 1788 Cumanis
783 1719 1001 1804 Bulgarieque
1013 1723 1083 1786 Rex
1108 1721 1208 1787 omui·

81 1822 139 1890 bus
150 1820 271 1891 Christi
291 1823 438 1893 fidelibus
452 1834 618 1911 presentes
629 1828 755 1894 litteras
764 1828 962 1914 inspecturis
973 1828 1109 1895 salutem
1126 1828 1159 1893 in
1171 1847 1209 1893 eo

82 1931 135 2012 qui
159 1930 304 2015 Regibus
330 1930 386 1998 dat
410 1932 559 1998 salutem.
586 1932 638 1998 Ad
664 1934 886 2002 uniuersorum
911 1939 978 2000 tam
1005 1937 1208 2018 presencium

3 2101 4 2106 ,
81 2057 176 2120 quam
208 2038 385 2106 futurorum
417 2041 572 2108 noticiam
598 2041 712 2107 harum
738 2043 822 2109 serie
846 2041 993 2109 volumus
1019 2041 1208 2129 peruenire;

3 2201 5 2236 z
81 2144 165 2228 quod
181 2144 242 2210 riri
260 2145 408 2230 religiosi
425 2146 525 2214 irater
541 2147 731 2216 Dominious
747 2149 839 2215 Prior
855 2148 896 2214 de
913 2147 1033 2216 Ordine
1058 2151 1209 2216 Fratrum

80 2251 330 2341 Predieotomm,
346 2263 378 2322 et
394 2255 496 2323 frater
509 2257 677 2324 lohannes
693 2256 876 2325 Conuersus
893 2255 935 2325 de
951 2256 1064 2325 eodem
1081 2257 1205 2326 Ordine

80 2368 268 2448 procurator
285 2363 473 2448 Mouasterij
492 2363 533 2430 de
549 2363 661 2430 Insula
677 2365 822 2449 Virginis
840 2365 988 2434 Glorioso
1004 2364 1047 2432 ad
1062 2371 1208 2432 nostram

79 2468 272 2536 aecedentes
289 2473 491 2555 presenciam
508 2471 722 2540 exhibuerunt
737 2471 831 2540 nobis
849 2471 1059 2559 priuilegium
1085 2472 1208 2540 domiui

3 2567 5 2572 ’
79 2575 228 2642 Ladizlai
245 2577 386 2645 illustris
402 2579 664 2670 RegisVngerie
689 2578 802 2648 fratris
826 2580 928 2648 nostri
959 2579 1126 2649 karissimi
1151 2600 1208 2666 pu·

78 2687 197 2767 truelis,
215 2686 423 2770 priuilegium
440 2687 710 2755 confirmatorium
726 2687 849 2756 domini
865 2687 1024 2776 Stephani
1051 2689 1111 2756 Dei
1137 2709 1209 2772 gra·

3 2787 5 2838 t
80 2791 128 2860 eia
142 2795 245 2876 Regis
262 2794 547 2882 Hunguriepatris
564 2797 613 2864 sui
637 2796 802 2863 karissimi
822 2796 927 2863 felicis
953 2795 1206 2880 reeordaoionis‚

3 2941 5 2954 ι
78 2918 174 2986 super
189 2901 400 2969 relaxatione
417 2905 624 2972 eolleetarum
641 2905 862 2973 uniuersorum
874 2905 1065 2991 populorum
1076 2905 1206 2970 lionae·

3 3011 5 3080 ἶ
78 3011 148 3094 trrij
166 3008 315 3076 eiusdem
331 3011 474 3096 Virginis
493 3012 639 3082 Glorioso
657 3012 697 3082 de
715 3014 829 3081 Insula
854 3013 974 3080 Sancte
1000 3011 1103 3078 llario
1128 3029 1205 3075 oon·

3 3157 4 3166 1
78 3118 205 3203 loetum,
238 3124 386 3204 petentes
403 3139 424 3184 a
440 3120 534 3188 nobis
566 3142 638 3187 oum
670 3121 841 3202 instancia,
867 3128 902 3187 vt
925 3140 986 3186 nos
1011 3121 1120 3206 ipsum
1146 3119 1208 3203 pri·

3 3207 5 3214 ’
78 3226 233 3312 nilegium
266 3228 387 3296 domiui
426 3230 525 3314 Regis
559 3229 705 3296 Ladizlui
732 3235 837 3295 ratum
870 3227 1010 3313 habere,
1036 3233 1068 3294 et
1095 3231 1206 3294 nostro

3 3361 5 3426 ς
79 3335 288 3420 dignaremur
303 3339 479 3424 priuilegio
495 3339 695 3405 confirmare.
715 3337 812 3406 Cuius
829 3335 958 3422 quidem
976 3335 1139 3422 priuilegij
1161 3340 1209 3400 te·

3 3431 5 3468 *
78 3461 135 3510 nor
150 3444 229 3512 telis
245 3452 314 3512 est:

185 3552 361 3620 Ladlzlaus
377 3553 439 3621 Dei
456 3555 568 3639 grauia
584 3551 752 3637 Huugarie
762 3553 823 3621 stb.
838 3552 909 3619 Rex
919 3553 980 3620 stb.
994 3548 1207 3641 (kevetkertk

77 3661 128 3730 IV.
144 3661 262 3729 Luszlo
279 3661 457 3747 kiralynak
485 3661 621 3730 lars-ki
638 3661 877 3747 privilegiuma,
902 3660 983 3726 mint
1006 3660 1104 3746 Fejer
1127 3659 1206 3730 cod.

3 3775 4 3804 ³
77 3769 165 3856 Dipl.
184 3771 224 3838 V.
238 3771 306 3836 kur.
325 3775 355 3838 2.
373 3789 398 3837 r.
413 3772 491 3837 443.
509 3766 546 3856 l.)

185 3879 255 3946 Nos
271 3879 370 3964 igitur
385 3879 536 3966 preoibus
553 3879 711 3946 dictarum
737 3897 882 3944 sororum
908 3875 949 3943 de
976 3876 1089 3944 Insula
1113 3875 1232 3968 nobis¹

77 4003 135 4069 per
150 3987 273 4054 dietum
290 3987 425 4054 fratrem
441 3987 647 4055 Dominioum
662 3985 809 4052 Priorem
826 3989 859 4053 et
874 3983 1006 4051 fratrem
1022 3983 1207 4050 Jolrannem

77 4113 267 4163 oonuersum
279 4094 448 4184 porrectis,
458 4095 563 4183 iustis,
576 4095 727 4180 legitimis
737 4101 769 4160 et
777 4093 935 4160 modestis
945 4089 1206 4159 condescenden-

77 4209 124 4270 tes
136 4205 240 4288 Regio
257 4225 329 4273 oum
346 4205 470 4292 fauore,
487 4204 609 4272 dietum
625 4203 833 4291 priuilegium
850 4199 969 4268 domini
989 4197 1133 4265 Ladizlai
1147 4200 1208 4267 Re-

78 4311 125 4394 gis
141 4317 248 4379 ratum
264 4313 424 4380 habentes
440 4320 473 4381 et
489 4319 668 4399 aeoeptum,
684 4331 748 4378 non
764 4329 886 4397 rasum,
902 4327 966 4376 non
979 4307 1209 4391 oauoellatum,
1310 4337 1315 4356 ι

78 4435 134 4485 ueo
153 4423 188 4488 iu
206 4421 319 4508 aliqua
334 4424 384 4490 sui
401 4429 493 4508 parte
508 4421 675 4507 viciatum,
692 4421 733 4486 de
749 4419 849 4486 uerbo
865 4415 909 4483 ad
924 4415 1058 4482 uerbum
1075 4435 1209 4500 presen-

77 4529 162 4598 tibus
179 4529 314 4600 feoimus
330 4532 494 4617 annotari,
512 4535 544 4598 et
560 4551 617 4615 per
647 4527 892 4617 appositionem
917 4522 1079 4612 duppliois
1105 4523 1210 4607 sigilli

77 4646 176 4707 nostri
191 4637 341 4708 duximus
357 4637 592 4706 innouandum.
603 4637 723 4706 Datum
734 4653 917 4723 permauus
931 4629 1131 4703 venerabilis
1149 4651 1206 4720 pa-

128 4775 193 4814 ιοι.
207 4775 291 4818 ause.
306 4777 384 4818 mss.
399 4787 443 4802 -
458 4775 531 4815 orm..
550 4768 589 4816 ts.
1002 4745 1042 4813 12
