3124 5194
516 379 681 484 pm·

45 573 150 658 uenire,
182 571 358 657 degeneres
374 594 441 642 non
456 581 596 642 recusat.
611 573 752 642 Proinde
768 572 812 642 ad
828 571 1051 643 uniuersorum
1082 573 1163 642 noti·

45 679 116 746 ciam
152 679 272 747 harum
292 682 377 748 serie
398 681 547 748 volumus
572 683 753 770 peruenire,
779 681 866 767 quod
897 681 1046 748 Andreas
1076 681 1162 748 lilius

0 792 9 885 Ἰ
46 786 166 870 (lhugnd
184 785 226 853 de
253 788 362 855 Luche
387 787 582 857 uduornicus
615 796 726 857 noster
759 790 802 858 ad
833 795 980 858 nostram
1005 788 1164 856 accedens

0 879 9 1013 j
47 894 251 982 presenciam,
268 915 289 962 a
304 895 399 962 nohis
415 893 580 964 humiliter
595 895 814 984 supplicando
839 895 1030 983 postulauit,
1056 903 1091 962 nt
1116 896 1164 983 ip-

0 1019 9 1125 !
44 1019 103 1068 som
117 1007 148 1066 et
161 999 286 1072 fratres
302 1023 380 1071 suos
396 1003 491 1072 simul
507 1025 580 1072 cum
597 1011 684 1072 terra
700 1025 810 1074 eorum
828 1003 1027 1072 hereditaria
1042 1009 1075 1072 et
1099 1023 1164 1071 em·

43 1109 131 1193 pticia
152 1109 245 1196 ipsos
273 1112 485 1200 contingenti,
511 1133 570 1200 pro
596 1113 745 1200 seruicijs
770 1113 840 1182 suis
870 1109 1045 1195 meritoriis
1070 1111 1164 1180 nobis

46 1215 200 1305 inpensis,
218 1217 262 1286 de
278 1220 395 1305 Regali
419 1219 649 1290 munificencia
673 1243 695 1288 a
719 1221 877 1308 primaria
898 1219 1088 1288 condicione
1113 1239 1166 1289 eo·

47 1327 166 1394 rundem
185 1327 373 1417 eximendo,
391 1329 426 1396 in
451 1337 557 1398 cetum
583 1337 616 1398 et
641 1349 809 1398 nnmerum
832 1328 1046 1399 seruiencium
1070 1349 1164 1414 rega-

44 1431 112 1502 lium
126 1443 311 1504 nostrornm
326 1435 506 1506 transferre
522 1435 742 1522 dignaremur.
758 1439 826 1507 Nos
843 1439 953 1524 igitur,
979 1439 1096 1522 quibus
1123 1453 1165 1503 ex

45 1540 139 1610 officio
154 1545 301 1630 suscepti
316 1544 486 1630 regiminis
512 1545 669 1613 incumbit
698 1545 804 1612 metiri
829 1553 862 1614 et
885 1563 1024 1632 pensare
1048 1544 1165 1611 merita

45 1647 244 1735 singolorum,
262 1661 295 1720 et
310 1652 481 1738 unicuique
497 1655 589 1720 iuxta
603 1653 788 1721 meritorum
805 1671 935 1720 suorum
961 1651 1164 1738 exigenciam

45 1755 140 1840 dignis
154 1759 477 1827 remuneracionibus
494 1758 702 1848 respondere,
718 1759 1012 1828 commendabilem
1029 1757 1164 1825 fidelita·
1197 1769 1203 1781 ·

45 1861 136 1954 leniet
145 1873 242 1949 grata
259 1869 418 1952 absequia
432 1867 536 1953 ipsius
551 1867 693 1956 Andree,
710 1887 772 1952 que
787 1867 882 1935 nohis
898 1869 932 1934 in
943 1868 1081 1935 diuersis
1109 1884 1162 1933 ex·

44 1971 256 2056 pedioionibue
273 1974 377 2058 Regni
392 1975 493 2042 nostri
509 1973 655 2062 fideliler,
674 1996 738 2043 non
755 1977 825 2044 sine
841 1974 943 2062 ipsius
959 1973 1082 2044 lesione
1106 1972 1164 2037 im·

46 2079 153 2162 pendit,
169 2087 203 2147 et
219 2081 408 2167 specialiter
424 2091 502 2150 tunc
516 2101 588 2150 cum
603 2103 664 2151 nos
689 2083 867 2152 exercitum
895 2089 1041 2150 nostrum
1065 2102 1163 2167 gene·

44 2187 131 2255 nalem
146 2195 263 2256 contra
278 2189 401 2257 Ducem
419 2190 551 2258 Austrie
566 2199 643 2258 tunc
660 2191 832 2278 capitalem
842 2191 1007 2258 inimicum
1018 2197 1163 2258 nostrum

46 2297 255 2382 perissemus,
288 2297 372 2366 idem
406 2297 553 2368 Andreas
584 2299 618 2365 iu
650 2301 949 2387 expuguaoiouibue
981 2305 1163 2368 castrorum

48 2405 232 2472 hmtralium
249 2426 309 2492 pro
325 2406 484 2474 fidelitate
499 2406 593 2475 nohis
610 2413 643 2474 et
664 2407 790 2476 Corone
815 2409 917 2493 Regie
943 2407 1055 2476 debita
1079 2407 1165 2472 inter

47 2518 154 2580 ceteros
169 2515 278 2598 Regni
310 2516 413 2582 nostri
430 2516 558 2586 nobiles
582 2515 767 2584 laudabiles
793 2516 941 2584 exhibuit
967 2517 1162 2598 famulatns3

47 2617 158 2686 denum
174 2641 251 2689 cum
267 2641 327 2688 nos
343 2621 521 2692 exercitum
536 2630 681 2690 nostrum
699 2632 814 2692 contra
831 2625 914 2692 filios
931 2623 1062 2690 Hernici
1079 2623 1163 2688 Rani

47 2725 328 2797 adccntumaciarn
345 2737 378 2795 et
398 2729 628 2798 infidelitatem
654 2751 765 2798 eorum
792 2729 1019 2798 conterendam
1045 2729 1163 2798 mouis-

49 2851 147 2922 remus,
174 2837 284 2904 dictus
299 2836 448 2905 Andreas
464 2845 529 2904 tum
545 2839 579 2904 in
597 2839 895 2924 expugnacionihus
922 2843 1102 2904 castrorum
1128 2836 1164 2903 fi-

46 2941 147 3010 liorum
162 2944 304 3032 Hernici,
322 2965 419 3030 quam
434 2944 469 3011 iu
485 2945 564 3031 alijs
578 2946 613 3012 in
644 2945 774 3032 signum
798 2945 968 3014 fidelitatis
992 2964 1163 3030 personam

49 3049 136 3134 ipsius
152 3054 286 3120 casibus
301 3052 429 3121 fortune
445 3073 608 3138 exponere
632 3075 697 3122 uou
717 3053 862 3141 expauit,
879 3046 1092 3138 attendentes,
1111 3068 1163 3118 vo·

45 3154 197 3246 lentosque
212 3180 274 3247 pro
291 3161 438 3246 seruicijs
454 3162 592 3248 Andree,
607 3163 712 3247 nobis,
729 3168 766 3228 ut
777 3159 969 3247 premissum
990 3165 1050 3246 est,
1060 3157 1161 3225 fideli·

0 3352 1 3355 ,
48 3269 87 3330 ter
105 3267 249 3353 inpensis
264 3285 433 3337 occurrere
441 3267 544 3354 Regio
553 3289 624 3337 cum
635 3269 757 3354 fauore,
767 3286 972 3352 .quamquam
988 3265 1164 3334 maioribus

0 3396 1 3401 ¹
49 3374 354 3443 remuneracionibus
381 3375 500 3462 dignus
515 3375 697 3462 haberetur,
724 3376 830 3462 ipsum
855 3374 1018 3441 Andream
1044 3381 1077 3441 et
1101 3373 1164 3439 fra·

48 3485 104 3548 tres
132 3502 207 3550 suos
241 3482 380 3551 Chamon
413 3491 445 3550 et
460 3483 611 3550 Eudreus
640 3483 725 3551 filins
750 3481 906 3568 Ohugud,
933 3483 1040 3550 ‘leber
1062 3480 1164 3548 filium

49 3587 138 3674 thk,
169 3591 355 3658 Samuelem
387 3591 486 3659 filium
502 3591 697 3677 Salomonis,
729 3591 912 3660 Johaunem
936 3589 1036 3658 filium
1064 3591 1163 3660 Geor·

49 3693 110 3783 gij,
138 3697 353 3766 Benedielom
384 3699 487 3768 lilium
528 3701 713 3786 Laurencij,
754 3707 787 3767 et
812 3698 1033 3766 Karechiuum
1064 3697 1164 3766 filium

49 3799 135 3890 Bcch,
150 3813 181 3874 et
196 3826 258 3892 per
274 3807 363 3894 ipsos
388 3829 498 3876 eorum
531 3807 667 3876 heredes
693 3807 910 3891 heredumque
934 3827 1064 3874 suorum
1095 3826 1164 3873 suc·

50 3926 198 4000 cessores,
230 3915 328 3981 simul
359 3934 432 3981 cum
448 3921 535 3983 terra
560 3935 669 3982 eorum
701 3913 898 3982 hereditaria
929 3913 1039 3980 Luchs
1069 3933 1164 3979 voca·

50 4022 78 4083 la
102 4017 186 4105 ipsos
210 4021 414 4108 contingenti
439 4027 471 4088 et
496 4021 658 4110 empticia,
676 4021 719 4090 de
742 4041 876 4090 numero
900 4021 1093 4106 populorum
1110 4017 1164 4086 vd·

50 4126 241 4197 uornicorum
257 4134 440 4197 nostrorum
458 4129 646 4218 eximentes,
677 4137 713 4196 vt
743 4136 902 4214 augeatur
921 4146 1074 4194 numerus
1099 4127 1165 4193 hel·

50 4229 184 4321 laturum,
200 4237 234 4304 in
250 4243 367 4322 cetum,
400 4257 568 4306 numerum
585 4247 618 4304 et
634 4237 832 4304 consorcium
850 4236 955 4322 Regni
981 4235 1082 4302 nestri
1106 4254 1161 4300 no-

53 4337 153 4410 bilium
171 4365 212 4411 ex
228 4350 318 4411 certa
333 4344 476 4412 sciencia
491 4353 525 4412 et
539 4365 630 4414 mera
645 4343 841 4413 liberalitate
856 4341 1006 4412 duximus
1024 4341 1160 4409 transle-

52 4447 167 4536 rendos;
185 4451 335 4522 uolentes
350 4460 386 4520 ut
400 4459 467 4520 tam
483 4452 557 4541 ipsi,
574 4473 671 4539 quam
686 4454 829 4540 ipsorum
845 4447 982 4518 heredes
998 4447 1164 4517 heredum-

53 4571 105 4636 que
131 4578 261 4641 suorum
286 4559 484 4646 inposterum
509 4581 722 4646 successores,
747 4581 787 4628 ea
811 4558 979 4644 gaudeant
1004 4559 1162 4644 libertate,

52 4677 144 4745 eoque
157 4667 331 4752 pociantur
346 4667 474 4756 honore,
485 4670 630 4755 quereri
647 4677 681 4736 et
696 4669 793 4754 primi
808 4666 913 4752 Regni
928 4668 1030 4734 nostri
1041 4665 1164 4734 nobiles

937 4773 1006 4846 tl*
