3124 5194
500 377 509 439 .'
606 339 668 399 leb

65 542 178 610 litteris
195 539 465 627 priuilegialibus
482 546 676 610 inseramus.
694 542 840 622 Quarum
865 543 994 624 quidem
1012 545 1197 615 litterarum

65 649 241 736 Regiorum
259 657 352 716 tenor
367 650 443 717 talis
460 658 527 717 est:

168 756 323 822 Andreas
339 758 379 820 D.
397 778 445 841 gr.
462 760 529 823 Rex
547 758 716 840 Hungarie
734 759 797 824 stb.
820 758 1018 826 kbvetkenik
1043 761 1101 828 Ill.
1132 765 1194 830 En·

65 867 118 932 dre
133 864 254 950 kirny
269 865 433 932 kerestetb
464 885 625 949 paranosa
640 867 722 933 mint
737 866 869 932 lentebb
886 870 926 934 97
945 887 988 936 sn.
1006 868 1050 956 a)

168 974 294 1038 Forma
310 981 417 1040 autem
434 973 583 1058 priuilegi
583 974 597 1056 j
615 974 738 1039 domini
755 973 901 1039 Ludizlei
916 977 1016 1059 Regis
1042 977 1102 1044 beu
1126 985 1195 1046 est:

168 1077 350 1145 Ladizlaus
366 1081 406 1144 D.
423 1099 471 1162 gr.
488 1080 656 1163 Hungurie
672 1081 732 1146 stb.
759 1080 971 1164 (kbretkezik
996 1083 1051 1147 iv.
1077 1085 1207 1152 Ltszlb·

65 1184 249 1269 kirtlynak
285 1187 423 1254 1284-ki
456 1187 684 1272 priuilegiuma
713 1185 795 1252 mint
824 1189 1106 1275 gybjtemenyttnk
1137 1190 1195 1256 IX.

64 1291 178 1378 rsgyis
195 1313 219 1358 a
234 1293 385 1360 merodik
401 1293 521 1380 solyam
539 1293 591 1359 IV.
608 1294 785 1360 kotuteben
802 1297 877 1362 383.
894 1293 918 1360 l.
936 1299 1011 1362 273.
1030 1317 1073 1362 su.
1091 1297 1138 1376 a.)

170 1401 241 1468 Nos
257 1401 368 1484 itaque
384 1401 537 1470 mandato
547 1401 650 1486 Regio
666 1401 935 1487 obtemperantes,
953 1402 1151 1472 videbamus
1162 1411 1195 1470 et

65 1515 223 1592 tenemur,
240 1509 356 1574 seriem
372 1507 509 1594 predioti
525 1507 689 1593 priuilegij
707 1507 827 1573 domini
842 1507 942 1592 Regis
966 1509 1113 1576 Ladizlai
1137 1531 1195 1597 per
1235 1529 1245 1548 ·

64 1633 121 1680 nos
135 1612 318 1699 diligenter
334 1616 471 1700 inspecti
487 1623 519 1682 et
536 1614 680 1700 perlecti,
695 1635 759 1680 non
776 1615 897 1698 abrasi,
923 1635 987 1682 non
1013 1617 1193 1701 cancellati,

64 1740 121 1787 neo
136 1720 171 1788 ln
189 1724 303 1804 aliqua
319 1722 368 1788 sui
382 1727 475 1806 parte
488 1722 611 1806 viciati,
627 1721 715 1805 quod
731 1722 861 1806 quidem
876 1723 978 1788 nostri
988 1725 1151 1811 priuilegij
1161 1732 1195 1792 et

67 1825 250 1894 litterarum
266 1848 305 1894 so
322 1827 566 1913 priuilegiorum
593 1827 715 1894 domini
740 1827 961 1894 Bartholomei
984 1831 1137 1916 Episcopi
1160 1839 1194 1898 et

67 1934 212 2001 Rurmdi
229 1933 392 2020 Wajuode
408 1933 544 2001 sormam
560 1935 594 2000 in
610 1955 646 2001 se
657 1937 824 2003 redaotem
834 1935 1032 2021 continebat,
1043 1937 1084 2004 de
1094 1939 1193 2004 uerbo

67 2040 260 2108 adverbum
276 2043 484 2127 presentibus
500 2043 690 2110 transscribi
706 2042 842 2109 serimus
858 2043 953 2110 modo
979 2045 1126 2129 superius
1138 2064 1195 2112 an·

1 2160 2 2164 ’
66 2153 185 2214 notato.
203 2151 325 2216 Datum
342 2155 456 2234 quarto
482 2149 535 2216 die
560 2149 746 2217 lestinitatis
773 2150 866 2216 Beati
891 2149 1021 2218 Andros
1046 2153 1194 2236 Apostoli

49 2331 50 2334 Ἴ
67 2275 150 2324 anno
167 2259 301 2326 Domini
317 2259 489 2326 millesimo
507 2259 729 2326 dueentesimn
746 2260 956 2342 nonagesimo
981 2266 1104 2348 quarto,
1131 2267 1193 2328 ter-

67 2362 114 2429 oio
129 2386 235 2434 nonas
250 2366 449 2452 Decembris,
467 2365 657 2434 Indiooione
672 2366 820 2452 septima.
837 2367 1002 2436 Demetrio
1012 2367 1204 2452 Preposito..

69 2469 205 2538 Iwanka
217 2475 360 2564 Laetum,
377 2475 469 2542 Iwun
479 2473 620 2541 (lentore
635 2472 784 2540 Doelesie
798 2481 908 2540 nostre
925 2475 1149 2542 existentibus.

72 2649 200 2720 (Bltbory
216 2651 312 2706 lstvln
336 2651 440 2719 erdelyi
464 2651 547 2719 njde
560 2653 671 2703 tttb-ki
694 2648 807 2704 okttvtu
828 2650 995 2716 turrattb613
1018 2653 1130 2704 studui
1142 2653 1186 2703 kir

475 2741 599 2793 banarei
617 2737 808 2808 levtltttben.)

526 2976 603 2984 ..ῳ-..-
610 2975 737 2982 --οψα-

73 3623 289 3691 Akerssrteselu
302 3629 487 3712 esaterpami
501 3629 725 3714 imoentp'emk
750 3627 1021 3712 bizonyrupleuelu
1039 3629 1121 3714 kopp
1136 3629 1206 3695 Li·-

75 3727 156 3819 tuat
179 3733 304 3800 Venezel
319 3733 483 3818 ffidepkur
501 3735 656 3820 helysepet
671 3737 761 3800 Peter
776 3733 1073 3801 mummolenum.
1092 3735 1190 3800 1294.

190 3925 376 3995 (tornentur
407 3928 642 3994 Cruoiserorum
676 3929 799 3994 Domus
837 3927 1016 4013 Hospitalis
1050 3925 1196 3995 Euolesie

75 4029 177 4116 δεηθῇ
194 4035 294 4118 Regis
306 4035 464 4119 Stephunj
482 4033 522 4101 de
539 4034 704 4119 Strigonio
720 4033 880 4101 uniuersis
890 4038 1057 4119 presentes
1068 4033 1194 4101 litteras

76 4137 261 4228 inspeoturis
277 4143 417 4209 salutem
440 4142 474 4207 in
500 4143 565 4209 filio
591 4143 737 4226 Virginis
762 4141 920 4208 Gloriosa.
948 4139 1116 4217 Quomodo
1143 4160 1205 4227 ea,.

1 4281 2 4288 κ
78 4265 133 4328 que
149 4249 365 4344 temporaliter
380 4258 532 4338 aguntur,
550 4271 591 4316 ne
608 4271 680 4316 eum
698 4258 841 4335 tempore
859 4247 1054 4334 dilabuntur,
1087 4247 1193 4314 solent

77 4359 106 4418 et
142 4355 261 4424 debent
286 4357 381 4444 suipti
407 4357 588 4442 patrocinio
615 4355 817 4426 communiri.
843 4356 928 4422 Hine
954 4361 1013 4440 est,
1038 4353 1124 4437 quod
1149 4352 1193 4418 ad

77 4461 290 4531 uniuersorum
299 4463 462 4548 notieiam,
480 4470 547 4530 tam
557 4463 759 4550 presencium
770 4480 866 4545 qnam
876 4461 1062 4541 futurorum,
1074 4457 1191 4526 barum

79 4572 155 4638 serie
171 4570 319 4638 uolumus
336 4571 525 4656 peruenire;
544 4567 628 4654 quod
644 4569 787 4636 Wenobe
811 4568 896 4635 tilius
909 4564 1132 4652 christophori
1148 4567 1202 4634 ‹le-
1267 4566 1271 4572 '
