3146 5192
904 323 1063 424 aa,
1547 285 1549 422 l

413 518 619 602 aPreposito
636 525 666 582 ct
682 515 834 601 Capitulo
851 517 1088 600 Strigoniensis
1106 518 1252 584 Ecclesia
1269 517 1435 603 sepedicte,
1462 518 1507 583 hn-
1547 485 1549 610 Ξ

415 625 552 692 iusmodi
568 625 619 690 liti
636 625 765 703 cedens,
782 637 815 690 et
829 625 988 708 questioni
1004 646 1063 692 sue
1079 625 1289 710 renuncians,
1306 626 1347 691 de
1363 645 1419 692 sua
1434 646 1510 709 spon·

412 739 509 798 tanea
525 738 558 798 et
581 733 685 798 libera
709 734 876 799 uoluntate
900 738 1104 818 prenotatam
1130 735 1370 818 possessionem
1402 734 1510 818 Nempli
1548 779 1549 814 1

414 842 623 927 appellatam,
641 861 705 907 uua
722 859 794 905 eum
810 841 877 908 suis
893 841 1085 908 utilitatibus
1107 849 1139 907 et
1150 843 1370 926 pertinenciJs
1383 841 1514 907 uniuersis
1547 849 1549 926 j

414 949 520 1014 eidem
544 948 712 1033 Preposito
738 953 770 1015 et
795 947 946 1034 Capitulo
971 948 1205 1032 strigoniensis
1232 948 1516 1036 Ecclesiastico
1548 965 1549 1032 3

418 1056 623 1142 impeticione
638 1077 696 1122 sua
713 1056 883 1122 liberatam
901 1063 933 1122 et
949 1057 1099 1140 legaliter
1113 1059 1311 1144 absolutam,
1337 1055 1472 1142 permisit
1493 1063 1516 1121 et
1547 1077 1549 1146 l

420 1163 550 1246 reliquit
569 1164 638 1230 iure
655 1171 811 1248 perpetuo
837 1163 971 1247 pacifice
997 1169 1029 1229 et
1044 1164 1199 1249 plenarie,
1220 1185 1354 1231 necnon
1379 1165 1515 1230 inreuoea·
1547 1169 1549 1252 ᾖ

418 1273 526 1340 biliter
541 1283 574 1338 et
590 1271 873 1339 inretractabiliter
889 1272 1081 1355 habendam,
1097 1271 1272 1339 tenendam
1289 1279 1321 1340 et
1348 1273 1517 1338 inmobilitor
1547 1257 1549 1342 l

422 1381 662 1465 possidendam,
680 1385 746 1445 tam
763 1379 834 1466 sibi,
852 1399 948 1462 quam
966 1381 1034 1447 suis
1059 1378 1232 1446 heredibus
1257 1387 1289 1446 ot
1315 1379 1448 1465 postoris
1470 1401 1518 1445 an·
1546 1387 1549 1470 ζ

416 1495 535 1572 putans
551 1487 591 1551 de
607 1492 714 1552 cetero
730 1506 826 1571 super
849 1485 934 1551 factu
960 1485 1107 1552 eiusdem
1132 1485 1352 1571 possessionis
1377 1487 1517 1552 materian
1547 1475 1549 1502 ¹

413 1595 555 1680 amplius
572 1594 780 1680 procedendi,
798 1593 850 1658 uel
863 1591 996 1676 aliquod
1007 1593 1067 1680 ius,
1093 1599 1150 1660 aut
1177 1595 1384 1660 occasionem
1408 1595 1437 1659 in
1462 1593 1518 1679 ipsa
1548 1627 1549 1648 r

414 1703 629 1789 possessione,
645 1702 697 1768 uel
713 1701 780 1766 suis
797 1701 990 1767 utilitatibus
1007 1701 1075 1766 ullo
1093 1722 1235 1785 unquam
1261 1709 1406 1787 tempore
1428 1701 1517 1766 uendi·
1547 1661 1549 1754 i

412 1809 518 1876 candi.
534 1811 594 1892 Ita,
612 1809 695 1874 utin
713 1805 897 1874 huiusmodi
913 1805 1144 1893 permissionis,
1161 1809 1320 1876 cessionis
1339 1817 1370 1875 et
1395 1808 1515 1876 satisfac·
1547 1805 1549 1898 ξ

412 1917 513 1984 oiouis
528 1917 624 1982 fidem
640 1917 815 1997 credulam,
832 1923 865 1981 et
880 1917 913 1981 in
929 1916 1061 1982 maioris
1087 1917 1288 1982 certitudinis
1311 1923 1513 2000 argumentum
1547 1923 1549 2028 p

413 2026 618 2111 priuilegium
635 2026 780 2091 eiusdem
797 2024 919 2090 domiui
936 2025 1037 2109 Regis
1054 2025 1214 2109 Ladizlay
1228 2025 1367 2112 prelatis
1378 2023 1514 2106 megistus
1530 2003 1549 2124 ’ζ

414 2135 538 2201 Jacobo
555 2133 686 2200 Cantori
704 2141 735 2199 et
751 2135 900 2219 Anyano,
918 2133 1047 2199 nomine
1063 2138 1095 2198 et
1111 2135 1182 2200 uice
1208 2133 1409 2200 dominorum
1433 2139 1460 2196 et
1480 2152 1516 2196 so·
1547 2127 1549 2168 ¹

412 2241 533 2307 ciorum
549 2261 678 2306 sucrum
705 2241 864 2325 Prepesiti
887 2247 920 2305 et
947 2240 1087 2324 Capituli
1112 2240 1276 2324 sepedicta
1307 2237 1514 2324 Strigoniensis
1546 2179 1549 2294 Ι

412 2348 558 2414 Ecclesia
574 2347 810 2433 recipientibus,
828 2348 978 2434 restituit,
994 2346 1134 2412 reddidit
1161 2353 1194 2412 et
1218 2367 1328 2414 eoram
1354 2345 1443 2414 nobis
1465 2366 1513 2412 ma·

412 2457 551 2523 nualiter
567 2456 759 2540 assignauit,
775 2457 878 2540 ipsam
895 2455 1152 2540 strigoniensem
1168 2455 1359 2540 Ecclesiam,
1371 2475 1514 2522 saerosan-

411 2571 497 2632 ctam
512 2572 648 2632 martem
666 2585 769 2652 suam,
786 2572 899 2631 eontra
914 2585 1008 2632 suam
1025 2563 1264 2631 conscienciam
1281 2564 1395 2631 nolens
1417 2566 1448 2628 in
1469 2563 1514 2628 hae
1545 2581 1548 2650 1

411 2693 471 2740 sua
487 2674 618 2742 iusticia
635 2674 769 2740 ulterius
785 2673 943 2761 impetere
959 2673 1012 2740 uel
1029 2675 1171 2740 turbare.
1188 2675 1225 2740 In
1242 2673 1337 2758 eujus
1354 2693 1411 2761 ray
1438 2669 1513 2738 firni-
1546 2651 1548 2678 ¹

410 2789 510 2850 tatem
527 2789 559 2848 et
574 2782 761 2848 memoriam
777 2783 1007 2866 sempiternam
1033 2787 1201 2865 presentes
1226 2781 1363 2867 litteras,
1390 2783 1432 2848 ad
1452 2780 1513 2866 peti·

410 2893 534 2958 cionem
552 2897 585 2958 et
599 2891 793 2958 instanciam
809 2892 951 2958 eiusdem
969 2889 1102 2956 Comitis
1118 2890 1233 2976 llrdev,
1249 2892 1416 2976 Preposito
1431 2887 1511 2956 elda-

409 2997 513 3084 pitulo
524 2999 912 3083 strigoniensisuoolesie
924 3006 1098 3064 memorate
1109 2999 1322 3082 sigillinostri
1334 2999 1511 3086 appensione

326 3183 330 3192 ι
410 3105 556 3173 dedimus
572 3107 794 3174 communitas.
812 3109 933 3172 Datum
950 3123 1035 3170 anno
1062 3105 1194 3174 Domini
1219 3108 1391 3174 millesimo
1415 3106 1507 3172 duccn·

409 3213 522 3280 tesimo
538 3215 747 3299 nonagesimo
764 3215 911 3300 septimo,
928 3212 1027 3280 tercio
1042 3213 1116 3282 idus
1132 3216 1153 3282 J
1156 3215 1221 3299 ulij.

493 3406 543 3480 (Aa
558 3414 661 3464 eredeti
674 3409 740 3464 uttn
754 3413 850 3464 Knauz
864 3408 982 3474 Nandor,
1005 3416 1119 3480 Magyar
1133 3411 1198 3466 Sion
1210 3415 1261 3466 ΠΙ.
1275 3414 1330 3464 ket
1345 3415 1403 3465 946.
1416 3411 1444 3478 1,)

867 3719 1078 3730 ...ω-..ψ
