<?xml version="1.0" encoding="UTF-8"?>
<!DOCTYPE html PUBLIC "-//W3C//DTD XHTML 1.0 Transitional//EN"
    "http://www.w3.org/TR/xhtml1/DTD/xhtml1-transitional.dtd">
<html xmlns="http://www.w3.org/1999/xhtml" xml:lang="en" lang="en">
 <head>
  <title>
</title>
<meta http-equiv="Content-Type" content="text/html;charset=utf-8" />
  <meta name='ocr-system' content='tesseract 3.04.00' />
  <meta name='ocr-capabilities' content='ocr_page ocr_carea ocr_par ocr_line ocrx_word'/>
</head>
<body>
  <div class='ocr_page' id='page_1' title='image "./codexdiplomatic03wenzgoog_0069.png"; bbox 0 0 3234 5194; ppageno 0'>
   <div class='ocr_carea' id='block_1_1' title="bbox 16 528 1202 4800">
    <p class='ocr_par' dir='ltr' id='par_1_1' title="bbox 16 528 1202 4800">
     <span class='ocr_line' id='line_1_1' title="bbox 37 528 1178 617; baseline 0.002 -22"><span class='ocrx_word' id='word_1_1' title='bbox 37 528 235 597; x_wconf 89' lang='lat' dir='ltr'><strong>meritorum</strong></span> <span class='ocrx_word' id='word_1_2' title='bbox 267 549 398 596; x_wconf 90' lang='lat' dir='ltr'><strong>suorum</strong></span> <span class='ocrx_word' id='word_1_3' title='bbox 423 531 625 613; x_wconf 81' lang='lat' dir='ltr'><strong>exigentiam</strong></span> <span class='ocrx_word' id='word_1_4' title='bbox 659 532 863 617; x_wconf 81' lang='lat' dir='ltr'><strong>pertulisset,</strong></span> <span class='ocrx_word' id='word_1_5' title='bbox 897 529 1178 616; x_wconf 84' lang='lat' dir='ltr'><strong>assidentibusqne</strong></span> 
     </span>
     <span class='ocr_line' id='line_1_2' title="bbox 36 637 1178 724; baseline 0 -20"><span class='ocrx_word' id='word_1_6' title='bbox 36 637 136 704; x_wconf 90' lang='lat' dir='ltr'><strong>lateri</strong></span> <span class='ocrx_word' id='word_1_7' title='bbox 153 646 273 705; x_wconf 89' lang='lat' dir='ltr'><strong>nostro</strong></span> <span class='ocrx_word' id='word_1_8' title='bbox 288 638 451 722; x_wconf 89' lang='lat' dir='ltr'><strong>Prelatis,</strong></span> <span class='ocrx_word' id='word_1_9' title='bbox 472 639 674 724; x_wconf 73' lang='lat' dir='ltr'>Batonibus,</span> <span class='ocrx_word' id='word_1_10' title='bbox 703 647 735 706; x_wconf 89' lang='lat' dir='ltr'><strong>et</strong></span> <span class='ocrx_word' id='word_1_11' title='bbox 751 639 999 724; x_wconf 83' lang='lat' dir='ltr'>quamplurimis</span> <span class='ocrx_word' id='word_1_12' title='bbox 1016 639 1178 706; x_wconf 90' lang='lat' dir='ltr'><strong>nobilibus</strong></span> 
     </span>
     <span class='ocr_line' id='line_1_3' title="bbox 38 747 1179 835; baseline 0.004 -25"><span class='ocrx_word' id='word_1_13' title='bbox 38 747 145 828; x_wconf 84' lang='lat' dir='ltr'>Regni</span> <span class='ocrx_word' id='word_1_14' title='bbox 163 747 282 828; x_wconf 82' lang='lat' dir='ltr'><strong>nostri,</strong></span> <span class='ocrx_word' id='word_1_15' title='bbox 298 748 437 830; x_wconf 89' lang='lat' dir='ltr'><strong>prouida</strong></span> <span class='ocrx_word' id='word_1_16' title='bbox 460 748 701 815; x_wconf 74' lang='lat' dir='ltr'><strong>deliberatione</strong></span> <span class='ocrx_word' id='word_1_17' title='bbox 718 756 905 835; x_wconf 79' lang='lat' dir='ltr'><strong>pensantes,</strong></span> <span class='ocrx_word' id='word_1_18' title='bbox 923 748 1009 832; x_wconf 87' lang='lat' dir='ltr'><strong>quod</strong></span> <span class='ocrx_word' id='word_1_19' title='bbox 1026 769 1103 832; x_wconf 90' lang='lat' dir='ltr'><strong>rem,</strong></span> <span class='ocrx_word' id='word_1_20' title='bbox 1117 769 1179 831; x_wconf 91' lang='lat' dir='ltr'><strong>que</strong></span> 
     </span>
     <span class='ocr_line' id='line_1_4' title="bbox 41 853 1178 942; baseline 0.002 -22"><span class='ocrx_word' id='word_1_21' title='bbox 41 853 140 939; x_wconf 83' lang='lat' dir='ltr'><strong>eulpa</strong></span> <span class='ocrx_word' id='word_1_22' title='bbox 151 865 262 942; x_wconf 89' lang='lat' dir='ltr'><strong>earet,</strong></span> <span class='ocrx_word' id='word_1_23' title='bbox 274 857 306 921; x_wconf 93' lang='lat' dir='ltr'><strong>in</strong></span> <span class='ocrx_word' id='word_1_24' title='bbox 318 853 470 921; x_wconf 90' lang='lat' dir='ltr'><strong>damnum</strong></span> <span class='ocrx_word' id='word_1_25' title='bbox 483 857 591 922; x_wconf 85' lang='lat' dir='ltr'><strong>vocari</strong></span> <span class='ocrx_word' id='word_1_26' title='bbox 602 877 667 921; x_wconf 93' lang='lat' dir='ltr'><strong>non</strong></span> <span class='ocrx_word' id='word_1_27' title='bbox 678 855 842 940; x_wconf 82' lang='lat' dir='ltr'><strong>conuenit,</strong></span> <span class='ocrx_word' id='word_1_28' title='bbox 855 863 887 923; x_wconf 90' lang='lat' dir='ltr'><strong>et</strong></span> <span class='ocrx_word' id='word_1_29' title='bbox 903 875 961 940; x_wconf 89' lang='lat' dir='ltr'><strong>per</strong></span> <span class='ocrx_word' id='word_1_30' title='bbox 977 875 1178 940; x_wconf 85' lang='lat' dir='ltr'><strong>consequens</strong></span> 
     </span>
     <span class='ocr_line' id='line_1_5' title="bbox 38 959 1179 1049; baseline 0.005 -25"><span class='ocrx_word' id='word_1_31' title='bbox 38 959 213 1044; x_wconf 89' lang='lat' dir='ltr'><strong>predictus</strong></span> <span class='ocrx_word' id='word_1_32' title='bbox 231 961 428 1030; x_wconf 86' lang='lat' dir='ltr'><strong>venerabilis</strong></span> <span class='ocrx_word' id='word_1_33' title='bbox 447 968 542 1047; x_wconf 89' lang='lat' dir='ltr'><strong>pater</strong></span> <span class='ocrx_word' id='word_1_34' title='bbox 557 963 770 1030; x_wconf 88' lang='lat' dir='ltr'><strong>Lodomerius</strong></span> <span class='ocrx_word' id='word_1_35' title='bbox 785 963 847 1028; x_wconf 90' lang='lat' dir='ltr'><strong>Dei</strong></span> <span class='ocrx_word' id='word_1_36' title='bbox 864 962 977 1046; x_wconf 85' lang='lat' dir='ltr'><strong>gracia</strong></span> <span class='ocrx_word' id='word_1_37' title='bbox 995 963 1179 1049; x_wconf 80' lang='lat' dir='ltr'><strong>Arcbiepis·</strong></span> 
     </span>
     <span class='ocr_line' id='line_1_6' title="bbox 16 1070 1179 1156; baseline 0.004 -23"><span class='ocrx_word' id='word_1_38' title='bbox 16 1121 17 1124; x_wconf 63' lang='lat'><strong>,</strong></span> <span class='ocrx_word' id='word_1_39' title='bbox 40 1087 155 1156; x_wconf 88' lang='lat' dir='ltr'><strong>copus,</strong></span> <span class='ocrx_word' id='word_1_40' title='bbox 175 1077 210 1136; x_wconf 90' lang='lat' dir='ltr'><strong>et</strong></span> <span class='ocrx_word' id='word_1_41' title='bbox 221 1070 409 1155; x_wconf 88' lang='lat' dir='ltr'><strong>ipsiuscure</strong></span> <span class='ocrx_word' id='word_1_42' title='bbox 421 1071 676 1138; x_wconf 82' lang='lat' dir='ltr'><strong>ereditaSanota</strong></span> <span class='ocrx_word' id='word_1_43' title='bbox 691 1071 922 1155; x_wconf 72' lang='lat' dir='ltr'><strong>strigoniensis</strong></span> <span class='ocrx_word' id='word_1_44' title='bbox 939 1071 1097 1154; x_wconf 81' lang='lat' dir='ltr'><strong>Ecclesia,</strong></span> <span class='ocrx_word' id='word_1_45' title='bbox 1113 1091 1179 1138; x_wconf 84' lang='lat' dir='ltr'><strong>ma·</strong></span> 
     </span>
     <span class='ocr_line' id='line_1_7' title="bbox 41 1179 1180 1265; baseline 0.004 -23"><span class='ocrx_word' id='word_1_46' title='bbox 41 1185 91 1242; x_wconf 87' lang='lat' dir='ltr'><strong>ter</strong></span> <span class='ocrx_word' id='word_1_47' title='bbox 105 1186 239 1264; x_wconf 87' lang='lat' dir='ltr'><strong>nostra,</strong></span> <span class='ocrx_word' id='word_1_48' title='bbox 258 1179 324 1262; x_wconf 89' lang='lat' dir='ltr'><strong>legi</strong></span> <span class='ocrx_word' id='word_1_49' title='bbox 335 1179 482 1264; x_wconf 88' lang='lat' dir='ltr'><strong>predicte</strong></span> <span class='ocrx_word' id='word_1_50' title='bbox 503 1179 780 1265; x_wconf 75' lang='lat' dir='ltr'><strong>compensationis</strong></span> <span class='ocrx_word' id='word_1_51' title='bbox 802 1181 1001 1264; x_wconf 88' lang='lat' dir='ltr'><strong>damnorum,</strong></span> <span class='ocrx_word' id='word_1_52' title='bbox 1028 1179 1180 1246; x_wconf 92' lang='lat' dir='ltr'><strong>interno-</strong></span> 
     </span>
     <span class='ocr_line' id='line_1_8' title="bbox 43 1283 1181 1373; baseline 0.002 -24"><span class='ocrx_word' id='word_1_53' title='bbox 43 1289 128 1350; x_wconf 87' lang='lat' dir='ltr'><strong>stras</strong></span> <span class='ocrx_word' id='word_1_54' title='bbox 139 1290 176 1348; x_wconf 88' lang='lat' dir='ltr'><strong>et</strong></span> <span class='ocrx_word' id='word_1_55' title='bbox 194 1283 314 1372; x_wconf 85' lang='lat' dir='ltr'><strong>prelati</strong></span> <span class='ocrx_word' id='word_1_56' title='bbox 329 1285 430 1354; x_wconf 87' lang='lat' dir='ltr'><strong>Ducis</strong></span> <span class='ocrx_word' id='word_1_57' title='bbox 440 1293 554 1370; x_wconf 90' lang='lat' dir='ltr'><strong>terras,</strong></span> <span class='ocrx_word' id='word_1_58' title='bbox 571 1285 723 1373; x_wconf 90' lang='lat' dir='ltr'><strong>dominia,</strong></span> <span class='ocrx_word' id='word_1_59' title='bbox 732 1307 789 1354; x_wconf 88' lang='lat' dir='ltr'><strong>seu</strong></span> <span class='ocrx_word' id='word_1_60' title='bbox 800 1287 1004 1371; x_wconf 86' lang='lat' dir='ltr'><strong>principatus</strong></span> <span class='ocrx_word' id='word_1_61' title='bbox 1014 1285 1181 1368; x_wconf 89' lang='lat' dir='ltr'><strong>utriusque</strong></span> 
     </span>
     <span class='ocr_line' id='line_1_9' title="bbox 43 1389 1183 1479; baseline 0.001 -24"><span class='ocrx_word' id='word_1_62' title='bbox 43 1389 219 1476; x_wconf 84' lang='lat' dir='ltr'><strong>datorum,</strong></span> <span class='ocrx_word' id='word_1_63' title='bbox 235 1392 396 1475; x_wconf 89' lang='lat' dir='ltr'><strong>prelibate</strong></span> <span class='ocrx_word' id='word_1_64' title='bbox 406 1393 530 1478; x_wconf 89' lang='lat' dir='ltr'><strong>judicio</strong></span> <span class='ocrx_word' id='word_1_65' title='bbox 546 1393 686 1462; x_wconf 84' lang='lat' dir='ltr'><strong>racionis</strong></span> <span class='ocrx_word' id='word_1_66' title='bbox 704 1393 821 1461; x_wconf 89' lang='lat' dir='ltr'><strong>subiici</strong></span> <span class='ocrx_word' id='word_1_67' title='bbox 837 1414 902 1460; x_wconf 92' lang='lat' dir='ltr'><strong>uon</strong></span> <span class='ocrx_word' id='word_1_68' title='bbox 932 1393 1084 1479; x_wconf 88' lang='lat' dir='ltr'><strong>deberet;</strong></span> <span class='ocrx_word' id='word_1_69' title='bbox 1107 1393 1183 1460; x_wconf 90' lang='lat' dir='ltr'><strong>lieet</strong></span> 
     </span>
     <span class='ocr_line' id='line_1_10' title="bbox 44 1498 1182 1587; baseline 0.004 -25"><span class='ocrx_word' id='word_1_70' title='bbox 44 1498 131 1563; x_wconf 92' lang='lat' dir='ltr'><strong>idem</strong></span> <span class='ocrx_word' id='word_1_71' title='bbox 149 1500 353 1567; x_wconf 88' lang='lat' dir='ltr'><strong>venerabilis</strong></span> <span class='ocrx_word' id='word_1_72' title='bbox 368 1507 463 1587; x_wconf 90' lang='lat' dir='ltr'><strong>pater</strong></span> <span class='ocrx_word' id='word_1_73' title='bbox 477 1501 687 1568; x_wconf 86' lang='lat' dir='ltr'><strong>Lodomerius</strong></span> <span class='ocrx_word' id='word_1_74' title='bbox 703 1503 764 1567; x_wconf 89' lang='lat' dir='ltr'><strong>Dei</strong></span> <span class='ocrx_word' id='word_1_75' title='bbox 780 1505 894 1584; x_wconf 86' lang='lat' dir='ltr'><strong>gracia</strong></span> <span class='ocrx_word' id='word_1_76' title='bbox 909 1500 1182 1586; x_wconf 83' lang='lat' dir='ltr'><strong>Archiepisoopus</strong></span> 
     </span>
     <span class='ocr_line' id='line_1_11' title="bbox 46 1605 1183 1695; baseline 0.003 -24"><span class='ocrx_word' id='word_1_77' title='bbox 46 1605 286 1690; x_wconf 71' lang='lat' dir='ltr'><strong>strigoniensis</strong></span> <span class='ocrx_word' id='word_1_78' title='bbox 302 1607 401 1674; x_wconf 90' lang='lat' dir='ltr'><strong>nimio</strong></span> <span class='ocrx_word' id='word_1_79' title='bbox 428 1608 497 1676; x_wconf 87' lang='lat' dir='ltr'><strong>uelo</strong></span> <span class='ocrx_word' id='word_1_80' title='bbox 521 1611 613 1695; x_wconf 86' lang='lat' dir='ltr'><strong>pacis</strong></span> <span class='ocrx_word' id='word_1_81' title='bbox 645 1609 728 1674; x_wconf 91' lang='lat' dir='ltr'><strong>inter</strong></span> <span class='ocrx_word' id='word_1_82' title='bbox 752 1630 812 1676; x_wconf 90' lang='lat' dir='ltr'><strong>uos</strong></span> <span class='ocrx_word' id='word_1_83' title='bbox 828 1617 860 1677; x_wconf 91' lang='lat' dir='ltr'><strong>et</strong></span> <span class='ocrx_word' id='word_1_84' title='bbox 876 1609 997 1675; x_wconf 89' lang='lat' dir='ltr'><strong>dietum</strong></span> <span class='ocrx_word' id='word_1_85' title='bbox 1013 1607 1183 1674; x_wconf 83' lang='lat' dir='ltr'><strong>Albertum</strong></span> 
     </span>
     <span class='ocr_line' id='line_1_12' title="bbox 47 1713 1179 1804; baseline 0.004 -27"><span class='ocrx_word' id='word_1_86' title='bbox 47 1713 173 1780; x_wconf 87' lang='lat' dir='ltr'><strong>Ducem</strong></span> <span class='ocrx_word' id='word_1_87' title='bbox 191 1715 463 1784; x_wconf 86' lang='lat' dir='ltr'><strong>indissolubiliter</strong></span> <span class='ocrx_word' id='word_1_88' title='bbox 489 1717 688 1804; x_wconf 90' lang='lat' dir='ltr'><strong>ordinande,</strong></span> <span class='ocrx_word' id='word_1_89' title='bbox 721 1718 875 1785; x_wconf 85' lang='lat' dir='ltr'><strong>uniuersa</strong></span> <span class='ocrx_word' id='word_1_90' title='bbox 899 1736 960 1784; x_wconf 88' lang='lat' dir='ltr'><strong>sua</strong></span> <span class='ocrx_word' id='word_1_91' title='bbox 985 1722 1017 1781; x_wconf 91' lang='lat' dir='ltr'><strong>et</strong></span> <span class='ocrx_word' id='word_1_92' title='bbox 1032 1715 1179 1783; x_wconf 81' lang='lat' dir='ltr'><strong>Ecclesie</strong></span> 
     </span>
     <span class='ocr_line' id='line_1_13' title="bbox 49 1821 1184 1912; baseline 0.003 -25"><span class='ocrx_word' id='word_1_93' title='bbox 49 1841 106 1888; x_wconf 85' lang='lat' dir='ltr'><strong>sue</strong></span> <span class='ocrx_word' id='word_1_94' title='bbox 122 1821 261 1907; x_wconf 91' lang='lat' dir='ltr'><strong>damna,</strong></span> <span class='ocrx_word' id='word_1_95' title='bbox 278 1829 310 1889; x_wconf 90' lang='lat' dir='ltr'><strong>et</strong></span> <span class='ocrx_word' id='word_1_96' title='bbox 330 1824 465 1892; x_wconf 84' lang='lat' dir='ltr'><strong>iniurias</strong></span> <span class='ocrx_word' id='word_1_97' title='bbox 477 1825 689 1908; x_wconf 79' lang='lat' dir='ltr'><strong>equanimiter</strong></span> <span class='ocrx_word' id='word_1_98' title='bbox 700 1825 841 1912; x_wconf 82' lang='lat' dir='ltr'><strong>perferre</strong></span> <span class='ocrx_word' id='word_1_99' title='bbox 858 1831 994 1908; x_wconf 85' lang='lat' dir='ltr'><strong>paratus</strong></span> <span class='ocrx_word' id='word_1_100' title='bbox 1011 1829 1103 1891; x_wconf 88' lang='lat' dir='ltr'><strong>esset.</strong></span> <span class='ocrx_word' id='word_1_101' title='bbox 1116 1825 1184 1890; x_wconf 87' lang='lat' dir='ltr'><strong>Nos</strong></span> 
     </span>
     <span class='ocr_line' id='line_1_14' title="bbox 52 1929 1182 2020; baseline 0.004 -28"><span class='ocrx_word' id='word_1_102' title='bbox 52 1929 199 2015; x_wconf 90' lang='lat' dir='ltr'><strong>iuquam,</strong></span> <span class='ocrx_word' id='word_1_103' title='bbox 220 1931 372 2015; x_wconf 81' lang='lat' dir='ltr'><strong>exigente</strong></span> <span class='ocrx_word' id='word_1_104' title='bbox 382 1933 469 2020; x_wconf 90' lang='lat' dir='ltr'><strong>jure,</strong></span> <span class='ocrx_word' id='word_1_105' title='bbox 487 1939 520 2000; x_wconf 93' lang='lat' dir='ltr'><strong>et</strong></span> <span class='ocrx_word' id='word_1_106' title='bbox 534 1933 692 2000; x_wconf 87' lang='lat' dir='ltr'><strong>naturalis</strong></span> <span class='ocrx_word' id='word_1_107' title='bbox 703 1933 789 2016; x_wconf 88' lang='lat' dir='ltr'><strong>juris</strong></span> <span class='ocrx_word' id='word_1_108' title='bbox 806 1932 950 2016; x_wconf 89' lang='lat' dir='ltr'><strong>equitate</strong></span> <span class='ocrx_word' id='word_1_109' title='bbox 965 1930 1132 2016; x_wconf 89' lang='lat' dir='ltr'><strong>suadente,</strong></span> <span class='ocrx_word' id='word_1_110' title='bbox 1147 1931 1182 1996; x_wconf 92' lang='lat' dir='ltr'><strong>iu</strong></span> 
     </span>
     <span class='ocr_line' id='line_1_15' title="bbox 53 2039 1182 2128; baseline 0.004 -26"><span class='ocrx_word' id='word_1_111' title='bbox 53 2039 353 2108; x_wconf 77' lang='lat' dir='ltr'><strong>consideracionem</strong></span> <span class='ocrx_word' id='word_1_112' title='bbox 381 2042 589 2110; x_wconf 91' lang='lat' dir='ltr'><strong>nihilomiuus</strong></span> <span class='ocrx_word' id='word_1_113' title='bbox 606 2043 814 2127; x_wconf 88' lang='lat' dir='ltr'><strong>deducentes,</strong></span> <span class='ocrx_word' id='word_1_114' title='bbox 831 2049 920 2128; x_wconf 89' lang='lat' dir='ltr'><strong>quot,</strong></span> <span class='ocrx_word' id='word_1_115' title='bbox 937 2042 1062 2126; x_wconf 89' lang='lat' dir='ltr'><strong>quales,</strong></span> <span class='ocrx_word' id='word_1_116' title='bbox 1081 2061 1182 2125; x_wconf 90' lang='lat' dir='ltr'><strong>quan·</strong></span> 
     </span>
     <span class='ocr_line' id='line_1_16' title="bbox 51 2151 1186 2236; baseline 0.004 -27"><span class='ocrx_word' id='word_1_117' title='bbox 51 2151 111 2231; x_wconf 89' lang='lat' dir='ltr'><strong>tas,</strong></span> <span class='ocrx_word' id='word_1_118' title='bbox 128 2155 357 2233; x_wconf 88' lang='lat' dir='ltr'><strong>quantumque</strong></span> <span class='ocrx_word' id='word_1_119' title='bbox 383 2151 554 2216; x_wconf 87' lang='lat' dir='ltr'><strong>continuas</strong></span> <span class='ocrx_word' id='word_1_120' title='bbox 572 2151 817 2236; x_wconf 88' lang='lat' dir='ltr'><strong>perseeuoioues</strong></span> <span class='ocrx_word' id='word_1_121' title='bbox 826 2201 837 2236; x_wconf 92' lang='lat'><strong>,</strong></span> <span class='ocrx_word' id='word_1_122' title='bbox 865 2169 963 2232; x_wconf 86' lang='lat' dir='ltr'><strong>quam</strong></span> <span class='ocrx_word' id='word_1_123' title='bbox 980 2151 1139 2216; x_wconf 88' lang='lat' dir='ltr'><strong>immensa</strong></span> <span class='ocrx_word' id='word_1_124' title='bbox 1154 2155 1186 2214; x_wconf 90' lang='lat' dir='ltr'><strong>et</strong></span> 
     </span>
     <span class='ocr_line' id='line_1_17' title="bbox 54 2253 1186 2341; baseline 0.002 -21"><span class='ocrx_word' id='word_1_125' title='bbox 54 2253 108 2320; x_wconf 83' lang='lat' dir='ltr'><strong>rix</strong></span> <span class='ocrx_word' id='word_1_126' title='bbox 132 2257 336 2325; x_wconf 87' lang='lat' dir='ltr'><strong>estimabilia</strong></span> <span class='ocrx_word' id='word_1_127' title='bbox 351 2257 473 2324; x_wconf 89' lang='lat' dir='ltr'><strong>damna</strong></span> <span class='ocrx_word' id='word_1_128' title='bbox 489 2259 523 2324; x_wconf 92' lang='lat' dir='ltr'><strong>in</strong></span> <span class='ocrx_word' id='word_1_129' title='bbox 548 2259 807 2341; x_wconf 83' lang='lat' dir='ltr'><strong>possessionibus</strong></span> <span class='ocrx_word' id='word_1_130' title='bbox 825 2257 968 2324; x_wconf 80' lang='lat' dir='ltr'><strong>Ecclesia</strong></span> <span class='ocrx_word' id='word_1_131' title='bbox 984 2275 1041 2322; x_wconf 91' lang='lat' dir='ltr'><strong>sue</strong></span> <span class='ocrx_word' id='word_1_132' title='bbox 1057 2275 1186 2341; x_wconf 87' lang='lat' dir='ltr'><strong>perpes·</strong></span> 
     </span>
     <span class='ocr_line' id='line_1_18' title="bbox 55 2363 1183 2451; baseline 0 -23"><span class='ocrx_word' id='word_1_133' title='bbox 55 2381 106 2429; x_wconf 90' lang='lat' dir='ltr'><strong>sus</strong></span> <span class='ocrx_word' id='word_1_134' title='bbox 123 2363 198 2451; x_wconf 85' lang='lat' dir='ltr'><strong>fuit,</strong></span> <span class='ocrx_word' id='word_1_135' title='bbox 218 2371 296 2447; x_wconf 89' lang='lat' dir='ltr'><strong>quot</strong></span> <span class='ocrx_word' id='word_1_136' title='bbox 312 2366 494 2451; x_wconf 86' lang='lat' dir='ltr'><strong>corporalis</strong></span> <span class='ocrx_word' id='word_1_137' title='bbox 519 2367 631 2433; x_wconf 89' lang='lat' dir='ltr'><strong>mortis</strong></span> <span class='ocrx_word' id='word_1_138' title='bbox 657 2366 862 2434; x_wconf 89' lang='lat' dir='ltr'><strong>euidentibus</strong></span> <span class='ocrx_word' id='word_1_139' title='bbox 888 2364 1041 2448; x_wconf 87' lang='lat' dir='ltr'><strong>periculis</strong></span> <span class='ocrx_word' id='word_1_140' title='bbox 1057 2385 1113 2449; x_wconf 94' lang='lat' dir='ltr'><strong>pro</strong></span> <span class='ocrx_word' id='word_1_141' title='bbox 1131 2363 1183 2428; x_wconf 81' lang='lat' dir='ltr'><strong>de</strong></span> 
     </span>
     <span class='ocr_line' id='line_1_19' title="bbox 58 2467 1187 2561; baseline 0.003 -28"><span class='ocrx_word' id='word_1_142' title='bbox 58 2467 204 2539; x_wconf 78' lang='lat' dir='ltr'><strong>tensione</strong></span> <span class='ocrx_word' id='word_1_143' title='bbox 221 2473 343 2541; x_wconf 92' lang='lat' dir='ltr'><strong>Diuine</strong></span> <span class='ocrx_word' id='word_1_144' title='bbox 370 2475 505 2557; x_wconf 87' lang='lat' dir='ltr'><strong>justicie</strong></span> <span class='ocrx_word' id='word_1_145' title='bbox 516 2481 548 2541; x_wconf 91' lang='lat' dir='ltr'><strong>et</strong></span> <span class='ocrx_word' id='word_1_146' title='bbox 564 2475 747 2561; x_wconf 87' lang='lat' dir='ltr'><strong>specialiter</strong></span> <span class='ocrx_word' id='word_1_147' title='bbox 768 2474 853 2558; x_wconf 88' lang='lat' dir='ltr'><strong>juris</strong></span> <span class='ocrx_word' id='word_1_148' title='bbox 879 2472 980 2539; x_wconf 86' lang='lat' dir='ltr'><strong>nostri</strong></span> <span class='ocrx_word' id='word_1_149' title='bbox 995 2491 1031 2538; x_wconf 91' lang='lat' dir='ltr'><strong>se</strong></span> <span class='ocrx_word' id='word_1_150' title='bbox 1048 2490 1187 2538; x_wconf 90' lang='lat' dir='ltr'><strong>suorum-</strong></span> 
     </span>
     <span class='ocr_line' id='line_1_20' title="bbox 59 2579 1186 2666; baseline -0.002 -22"><span class='ocrx_word' id='word_1_151' title='bbox 59 2593 294 2664; x_wconf 82' lang='lat' dir='ltr'><strong>quepersonas</strong></span> <span class='ocrx_word' id='word_1_152' title='bbox 310 2581 495 2666; x_wconf 86' lang='lat' dir='ltr'><strong>exposuerit</strong></span> <span class='ocrx_word' id='word_1_153' title='bbox 508 2606 515 2666; x_wconf 89' lang='lat'>;</span> <span class='ocrx_word' id='word_1_154' title='bbox 549 2582 583 2649; x_wconf 91' lang='lat' dir='ltr'><strong>iu</strong></span> <span class='ocrx_word' id='word_1_155' title='bbox 611 2581 786 2663; x_wconf 85' lang='lat' dir='ltr'><strong>aliqualem</strong></span> <span class='ocrx_word' id='word_1_156' title='bbox 799 2581 908 2664; x_wconf 62' lang='lat' dir='ltr'><strong>,longe</strong></span> <span class='ocrx_word' id='word_1_157' title='bbox 924 2579 1107 2646; x_wconf 79' lang='lat' dir='ltr'><strong>inferiorem</strong></span> <span class='ocrx_word' id='word_1_158' title='bbox 1122 2597 1186 2643; x_wconf 88' lang='lat' dir='ltr'><strong>me-</strong></span> 
     </span>
     <span class='ocr_line' id='line_1_21' title="bbox 59 2684 1183 2776; baseline 0.004 -28"><span class='ocrx_word' id='word_1_159' title='bbox 59 2684 188 2752; x_wconf 87' lang='lat' dir='ltr'><strong>ritorum</strong></span> <span class='ocrx_word' id='word_1_160' title='bbox 210 2707 341 2755; x_wconf 87' lang='lat' dir='ltr'><strong>suorum</strong></span> <span class='ocrx_word' id='word_1_161' title='bbox 352 2689 688 2776; x_wconf 84' lang='lat' dir='ltr'><strong>recompensationem</strong></span> <span class='ocrx_word' id='word_1_162' title='bbox 703 2689 789 2755; x_wconf 90' lang='lat' dir='ltr'><strong>inter</strong></span> <span class='ocrx_word' id='word_1_163' title='bbox 805 2689 873 2754; x_wconf 86' lang='lat' dir='ltr'><strong>aliu</strong></span> <span class='ocrx_word' id='word_1_164' title='bbox 889 2687 1045 2754; x_wconf 83' lang='lat' dir='ltr'><strong>donatiuo</strong></span> <span class='ocrx_word' id='word_1_165' title='bbox 1060 2693 1183 2772; x_wconf 87' lang='lat' dir='ltr'><strong>nostra,</strong></span> 
     </span>
     <span class='ocr_line' id='line_1_22' title="bbox 16 2781 1188 2883; baseline 0 -25"><span class='ocrx_word' id='word_1_166' title='bbox 16 2831 18 2844; x_wconf 87' lang='lat'>·</span> <span class='ocrx_word' id='word_1_167' title='bbox 61 2811 119 2874; x_wconf 88' lang='lat' dir='ltr'><strong>que</strong></span> <span class='ocrx_word' id='word_1_168' title='bbox 133 2795 281 2880; x_wconf 84' lang='lat' dir='ltr'><strong>fecimus,</strong></span> <span class='ocrx_word' id='word_1_169' title='bbox 300 2803 332 2862; x_wconf 87' lang='lat' dir='ltr'><strong>et</strong></span> <span class='ocrx_word' id='word_1_170' title='bbox 347 2796 391 2862; x_wconf 88' lang='lat' dir='ltr'><strong>ad</strong></span> <span class='ocrx_word' id='word_1_171' title='bbox 406 2781 471 2879; x_wconf 41' lang='lat' dir='ltr'><strong>&#39;que</strong></span> <span class='ocrx_word' id='word_1_172' title='bbox 488 2799 703 2883; x_wconf 88' lang='lat' dir='ltr'><strong>inposterum</strong></span> <span class='ocrx_word' id='word_1_173' title='bbox 720 2796 872 2864; x_wconf 87' lang='lat' dir='ltr'><strong>facienda</strong></span> <span class='ocrx_word' id='word_1_174' title='bbox 882 2795 1033 2880; x_wconf 84' lang='lat' dir='ltr'><strong>exigente</strong></span> <span class='ocrx_word' id='word_1_175' title='bbox 1043 2794 1188 2878; x_wconf 85' lang='lat' dir='ltr'><strong>justicia,</strong></span> 
     </span>
     <span class='ocr_line' id='line_1_23' title="bbox 61 2901 1189 3000; baseline -0.001 -32"><span class='ocrx_word' id='word_1_176' title='bbox 61 2904 187 2984; x_wconf 85' lang='lat' dir='ltr'><strong>publice</strong></span> <span class='ocrx_word' id='word_1_177' title='bbox 205 2905 385 3000; x_wconf 82' lang='lat' dir='ltr'><strong>honestatis</strong></span> <span class='ocrx_word' id='word_1_178' title='bbox 408 2906 549 2991; x_wconf 88' lang='lat' dir='ltr'><strong>equitate</strong></span> <span class='ocrx_word' id='word_1_179' title='bbox 566 2905 734 2990; x_wconf 88' lang='lat' dir='ltr'><strong>suadente,</strong></span> <span class='ocrx_word' id='word_1_180' title='bbox 767 2911 798 2972; x_wconf 90' lang='lat' dir='ltr'><strong>et</strong></span> <span class='ocrx_word' id='word_1_181' title='bbox 814 2911 950 2990; x_wconf 88' lang='lat' dir='ltr'><strong>urgente</strong></span> <span class='ocrx_word' id='word_1_182' title='bbox 980 2901 1189 2969; x_wconf 87' lang='lat' dir='ltr'><strong>nihilominus</strong></span> 
     </span>
     <span class='ocr_line' id='line_1_24' title="bbox 16 3007 1189 3098; baseline 0.004 -24"><span class='ocrx_word' id='word_1_183' title='bbox 16 3007 18 3034; x_wconf 71' lang='lat'><em>³</em></span> <span class='ocrx_word' id='word_1_184' title='bbox 63 3012 264 3079; x_wconf 87' lang='lat' dir='ltr'><strong>consciencia</strong></span> <span class='ocrx_word' id='word_1_185' title='bbox 296 3035 406 3082; x_wconf 91' lang='lat' dir='ltr'><strong>eorum</strong></span> <span class='ocrx_word' id='word_1_186' title='bbox 439 3025 470 3082; x_wconf 87' lang='lat' dir='ltr'><strong>et</strong></span> <span class='ocrx_word' id='word_1_187' title='bbox 486 3015 630 3084; x_wconf 82' lang='lat' dir='ltr'><strong>Eeclesie</strong></span> <span class='ocrx_word' id='word_1_188' title='bbox 662 3013 896 3098; x_wconf 78' lang='lat' dir='ltr'><strong>strigoniensis</strong></span> <span class='ocrx_word' id='word_1_189' title='bbox 927 3011 1189 3095; x_wconf 83' lang='lat' dir='ltr'><strong>recognoscimus</strong></span> 
     </span>
     <span class='ocr_line' id='line_1_25' title="bbox 64 3120 1190 3209; baseline -0.001 -28"><span class='ocrx_word' id='word_1_190' title='bbox 64 3135 117 3184; x_wconf 88' lang='lat' dir='ltr'><strong>nos</strong></span> <span class='ocrx_word' id='word_1_191' title='bbox 140 3120 265 3187; x_wconf 89' lang='lat' dir='ltr'><strong>teneri:</strong></span> <span class='ocrx_word' id='word_1_192' title='bbox 297 3120 461 3205; x_wconf 88' lang='lat' dir='ltr'><strong>quandam</strong></span> <span class='ocrx_word' id='word_1_193' title='bbox 487 3121 725 3209; x_wconf 86' lang='lat' dir='ltr'><strong>possessionem</strong></span> <span class='ocrx_word' id='word_1_194' title='bbox 757 3129 901 3188; x_wconf 88' lang='lat' dir='ltr'><strong>nostram</strong></span> <span class='ocrx_word' id='word_1_195' title='bbox 927 3141 1008 3206; x_wconf 92' lang='lat' dir='ltr'><strong>pure</strong></span> <span class='ocrx_word' id='word_1_196' title='bbox 1032 3120 1190 3202; x_wconf 86' lang='lat' dir='ltr'><strong>Regalem</strong></span> 
     </span>
     <span class='ocr_line' id='line_1_26' title="bbox 65 3223 1188 3317; baseline 0.004 -31"><span class='ocrx_word' id='word_1_197' title='bbox 65 3223 188 3312; x_wconf 86' lang='lat' dir='ltr'><strong>Rosnyo</strong></span> <span class='ocrx_word' id='word_1_198' title='bbox 207 3229 322 3316; x_wconf 85' lang='lat' dir='ltr'><strong>Banya</strong></span> <span class='ocrx_word' id='word_1_199' title='bbox 339 3238 497 3317; x_wconf 88' lang='lat' dir='ltr'><strong>vocatam,</strong></span> <span class='ocrx_word' id='word_1_200' title='bbox 530 3231 594 3317; x_wconf 89' lang='lat' dir='ltr'><strong>ipsi</strong></span> <span class='ocrx_word' id='word_1_201' title='bbox 611 3230 866 3317; x_wconf 83' lang='lat' dir='ltr'><strong>Arobiepiscopo</strong></span> <span class='ocrx_word' id='word_1_202' title='bbox 893 3229 973 3294; x_wconf 93' lang='lat' dir='ltr'><strong>etin</strong></span> <span class='ocrx_word' id='word_1_203' title='bbox 993 3227 1097 3314; x_wconf 89' lang='lat' dir='ltr'><strong>ipsius</strong></span> <span class='ocrx_word' id='word_1_204' title='bbox 1116 3245 1188 3311; x_wconf 89' lang='lat' dir='ltr'><strong>per-</strong></span> 
     </span>
     <span class='ocr_line' id='line_1_27' title="bbox 68 3333 1185 3424; baseline 0.004 -28"><span class='ocrx_word' id='word_1_205' title='bbox 68 3351 142 3399; x_wconf 87' lang='lat' dir='ltr'><strong>sona</strong></span> <span class='ocrx_word' id='word_1_206' title='bbox 156 3335 463 3423; x_wconf 84' lang='lat' dir='ltr'><strong>Arehiepiseopatui</strong></span> <span class='ocrx_word' id='word_1_207' title='bbox 479 3339 695 3422; x_wconf 87' lang='lat' dir='ltr'><strong>Strigoniensi</strong></span> <span class='ocrx_word' id='word_1_208' title='bbox 704 3389 714 3424; x_wconf 95' lang='lat'><strong>,</strong></span> <span class='ocrx_word' id='word_1_209' title='bbox 727 3358 800 3404; x_wconf 90' lang='lat' dir='ltr'><strong>cum</strong></span> <span class='ocrx_word' id='word_1_210' title='bbox 817 3337 966 3405; x_wconf 90' lang='lat' dir='ltr'><strong>omnibus</strong></span> <span class='ocrx_word' id='word_1_211' title='bbox 990 3333 1185 3402; x_wconf 79' lang='lat' dir='ltr'><strong>utilitatibus</strong></span> 
     </span>
     <span class='ocr_line' id='line_1_28' title="bbox 69 3443 1190 3534; baseline 0.004 -32"><span class='ocrx_word' id='word_1_212' title='bbox 69 3443 97 3502; x_wconf 83' lang='lat' dir='ltr'><strong>ot</strong></span> <span class='ocrx_word' id='word_1_213' title='bbox 111 3443 317 3528; x_wconf 89' lang='lat' dir='ltr'><strong>pertincneijs</strong></span> <span class='ocrx_word' id='word_1_214' title='bbox 342 3446 427 3531; x_wconf 90' lang='lat' dir='ltr'><strong>suis,</strong></span> <span class='ocrx_word' id='word_1_215' title='bbox 462 3463 560 3514; x_wconf 88' lang='lat' dir='ltr'><strong>censu</strong></span> <span class='ocrx_word' id='word_1_216' title='bbox 587 3445 713 3516; x_wconf 89' lang='lat' dir='ltr'><strong>seilicet</strong></span> <span class='ocrx_word' id='word_1_217' title='bbox 744 3446 894 3534; x_wconf 88' lang='lat' dir='ltr'><strong>terragii,</strong></span> <span class='ocrx_word' id='word_1_218' title='bbox 920 3451 1036 3510; x_wconf 88' lang='lat' dir='ltr'><strong>octaua</strong></span> <span class='ocrx_word' id='word_1_219' title='bbox 1062 3460 1190 3524; x_wconf 87' lang='lat' dir='ltr'><strong>quoque</strong></span> 
     </span>
     <span class='ocr_line' id='line_1_29' title="bbox 17 3546 1190 3642; baseline 0.004 -34"><span class='ocrx_word' id='word_1_220' title='bbox 17 3563 19 3608; x_wconf 83' lang='grc' dir='ltr'><em>ῑ</em></span> <span class='ocrx_word' id='word_1_221' title='bbox 71 3546 176 3631; x_wconf 87' lang='lat' dir='ltr'><strong>Regali</strong></span> <span class='ocrx_word' id='word_1_222' title='bbox 192 3551 298 3618; x_wconf 82' lang='lat' dir='ltr'><strong>tocius</strong></span> <span class='ocrx_word' id='word_1_223' title='bbox 325 3554 455 3636; x_wconf 88' lang='lat' dir='ltr'><strong>argenti</strong></span> <span class='ocrx_word' id='word_1_224' title='bbox 486 3554 615 3642; x_wconf 85' lang='lat' dir='ltr'><strong>sodine,</strong></span> <span class='ocrx_word' id='word_1_225' title='bbox 648 3575 712 3640; x_wconf 88' lang='lat' dir='ltr'><strong>que</strong></span> <span class='ocrx_word' id='word_1_226' title='bbox 737 3555 856 3622; x_wconf 91' lang='lat' dir='ltr'><strong>ibidem</strong></span> <span class='ocrx_word' id='word_1_227' title='bbox 889 3572 959 3620; x_wconf 87' lang='lat' dir='ltr'><strong>esse</strong></span> <span class='ocrx_word' id='word_1_228' title='bbox 976 3551 1190 3638; x_wconf 89' lang='lat' dir='ltr'><strong>dignoscitur,</strong></span> 
     </span>
     <span class='ocr_line' id='line_1_30' title="bbox 61 3653 1192 3750; baseline 0.004 -32"><span class='ocrx_word' id='word_1_229' title='bbox 61 3653 153 3722; x_wconf 72' lang='lat' dir='ltr'><strong>‘nulla</strong></span> <span class='ocrx_word' id='word_1_230' title='bbox 168 3659 202 3726; x_wconf 93' lang='lat' dir='ltr'><strong>in</strong></span> <span class='ocrx_word' id='word_1_231' title='bbox 219 3661 334 3728; x_wconf 87' lang='lat' dir='ltr'><strong>eadem</strong></span> <span class='ocrx_word' id='word_1_232' title='bbox 352 3663 444 3728; x_wconf 91' lang='lat' dir='ltr'><strong>nobis</strong></span> <span class='ocrx_word' id='word_1_233' title='bbox 454 3713 464 3747; x_wconf 93' lang='lat'><strong>,</strong></span> <span class='ocrx_word' id='word_1_234' title='bbox 481 3664 534 3730; x_wconf 83' lang='lat' dir='ltr'><strong>vel</strong></span> <span class='ocrx_word' id='word_1_235' title='bbox 560 3665 679 3730; x_wconf 87' lang='lat' dir='ltr'><strong>uostris</strong></span> <span class='ocrx_word' id='word_1_236' title='bbox 696 3664 833 3750; x_wconf 88' lang='lat' dir='ltr'><strong>posteris</strong></span> <span class='ocrx_word' id='word_1_237' title='bbox 848 3668 943 3747; x_wconf 87' lang='lat' dir='ltr'><strong>parte</strong></span> <span class='ocrx_word' id='word_1_238' title='bbox 960 3662 1012 3727; x_wconf 87' lang='lat' dir='ltr'><strong>rel</strong></span> <span class='ocrx_word' id='word_1_239' title='bbox 1028 3656 1192 3745; x_wconf 87' lang='lat' dir='ltr'><strong>particula</strong></span> 
     </span>
     <span class='ocr_line' id='line_1_31' title="bbox 74 3767 1194 3855; baseline 0.005 -31"><span class='ocrx_word' id='word_1_240' title='bbox 74 3775 248 3852; x_wconf 78' lang='lat' dir='ltr'><strong>reseruata,</strong></span> <span class='ocrx_word' id='word_1_241' title='bbox 274 3777 342 3835; x_wconf 89' lang='lat' dir='ltr'><strong>tum</strong></span> <span class='ocrx_word' id='word_1_242' title='bbox 369 3769 513 3838; x_wconf 83' lang='lat' dir='ltr'><strong>collectis</strong></span> <span class='ocrx_word' id='word_1_243' title='bbox 538 3790 664 3854; x_wconf 90' lang='lat' dir='ltr'><strong>quoque</strong></span> <span class='ocrx_word' id='word_1_244' title='bbox 689 3772 885 3855; x_wconf 84' lang='lat' dir='ltr'><strong>Regalibus,</strong></span> <span class='ocrx_word' id='word_1_245' title='bbox 912 3769 1003 3835; x_wconf 84' lang='lat' dir='ltr'><strong>iuxta</strong></span> <span class='ocrx_word' id='word_1_246' title='bbox 1018 3767 1194 3853; x_wconf 90' lang='lat' dir='ltr'><strong>priuilegia</strong></span> 
     </span>
     <span class='ocr_line' id='line_1_32' title="bbox 76 3869 1193 3963; baseline -0.001 -25"><span class='ocrx_word' id='word_1_247' title='bbox 76 3869 210 3941; x_wconf 82' lang='lat' dir='ltr'><strong>Ecclesie</strong></span> <span class='ocrx_word' id='word_1_248' title='bbox 228 3875 461 3960; x_wconf 75' lang='lat' dir='ltr'><strong>strigoniensis</strong></span> <span class='ocrx_word' id='word_1_249' title='bbox 477 3899 498 3946; x_wconf 87' lang='lat' dir='ltr'><strong>a</strong></span> <span class='ocrx_word' id='word_1_250' title='bbox 514 3879 632 3946; x_wconf 90' lang='lat' dir='ltr'><strong>nostris</strong></span> <span class='ocrx_word' id='word_1_251' title='bbox 648 3878 910 3963; x_wconf 88' lang='lat' dir='ltr'><strong>progenitoribus</strong></span> <span class='ocrx_word' id='word_1_252' title='bbox 927 3877 1030 3944; x_wconf 90' lang='lat' dir='ltr'><strong>eidem</strong></span> <span class='ocrx_word' id='word_1_253' title='bbox 1047 3874 1193 3941; x_wconf 80' lang='lat' dir='ltr'><strong>Ecclesie</strong></span> 
     </span>
     <span class='ocr_line' id='line_1_33' title="bbox 76 3978 1191 4068; baseline 0.002 -26"><span class='ocrx_word' id='word_1_254' title='bbox 76 3978 242 4050; x_wconf 87' lang='lat' dir='ltr'><strong>clementer</strong></span> <span class='ocrx_word' id='word_1_255' title='bbox 256 3985 393 4068; x_wconf 77' lang='lat' dir='ltr'><strong>indulta</strong></span> <span class='ocrx_word' id='word_1_256' title='bbox 421 3991 454 4051; x_wconf 88' lang='lat' dir='ltr'><strong>et</strong></span> <span class='ocrx_word' id='word_1_257' title='bbox 469 3987 615 4053; x_wconf 89' lang='lat' dir='ltr'><strong>omnibus</strong></span> <span class='ocrx_word' id='word_1_258' title='bbox 633 4007 672 4054; x_wconf 89' lang='lat' dir='ltr'><strong>ao</strong></span> <span class='ocrx_word' id='word_1_259' title='bbox 686 3987 846 4053; x_wconf 81' lang='lat' dir='ltr'><strong>uniuersis</strong></span> <span class='ocrx_word' id='word_1_260' title='bbox 862 3985 994 4068; x_wconf 88' lang='lat' dir='ltr'><strong>iuribus,</strong></span> <span class='ocrx_word' id='word_1_261' title='bbox 1010 3981 1191 4051; x_wconf 87' lang='lat' dir='ltr'><strong>redditibus</strong></span> 
     </span>
     <span class='ocr_line' id='line_1_34' title="bbox 17 4089 1195 4184; baseline 0.002 -34"><span class='ocrx_word' id='word_1_262' title='bbox 17 4131 19 4184; x_wconf 37' lang='grc' dir='ltr'>Ξ</span> <span class='ocrx_word' id='word_1_263' title='bbox 79 4093 106 4150; x_wconf 88' lang='lat' dir='ltr'><strong>et</strong></span> <span class='ocrx_word' id='word_1_264' title='bbox 121 4091 337 4176; x_wconf 88' lang='lat' dir='ltr'><strong>prouentibus,</strong></span> <span class='ocrx_word' id='word_1_265' title='bbox 356 4113 558 4178; x_wconf 88' lang='lat' dir='ltr'><strong>quocumque</strong></span> <span class='ocrx_word' id='word_1_266' title='bbox 574 4097 704 4163; x_wconf 91' lang='lat' dir='ltr'><strong>nomine</strong></span> <span class='ocrx_word' id='word_1_267' title='bbox 720 4100 935 4180; x_wconf 88' lang='lat' dir='ltr'><strong>censeantur,</strong></span> <span class='ocrx_word' id='word_1_268' title='bbox 952 4089 1144 4159; x_wconf 78' lang='lat' dir='ltr'><strong>contulimus</strong></span> <span class='ocrx_word' id='word_1_269' title='bbox 1163 4093 1195 4153; x_wconf 89' lang='lat' dir='ltr'><strong>et</strong></span> 
     </span>
     <span class='ocr_line' id='line_1_35' title="bbox 17 4196 1197 4297; baseline 0.002 -39"><span class='ocrx_word' id='word_1_270' title='bbox 17 4215 19 4297; x_wconf 51' lang='lat' dir='ltr'>J</span> <span class='ocrx_word' id='word_1_271' title='bbox 79 4196 273 4283; x_wconf 79' lang='lat' dir='ltr'><strong>conserimus,</strong></span> <span class='ocrx_word' id='word_1_272' title='bbox 290 4199 484 4271; x_wconf 89' lang='lat' dir='ltr'><strong>donauimus</strong></span> <span class='ocrx_word' id='word_1_273' title='bbox 518 4209 551 4270; x_wconf 88' lang='lat' dir='ltr'><strong>et</strong></span> <span class='ocrx_word' id='word_1_274' title='bbox 566 4201 742 4291; x_wconf 87' lang='lat' dir='ltr'><strong>donamus,</strong></span> <span class='ocrx_word' id='word_1_275' title='bbox 773 4201 964 4269; x_wconf 88' lang='lat' dir='ltr'><strong>tradidimus</strong></span> <span class='ocrx_word' id='word_1_276' title='bbox 981 4204 1013 4266; x_wconf 91' lang='lat' dir='ltr'><strong>et</strong></span> <span class='ocrx_word' id='word_1_277' title='bbox 1028 4196 1197 4278; x_wconf 88' lang='lat' dir='ltr'><strong>tradimus,</strong></span> 
     </span>
     <span class='ocr_line' id='line_1_36' title="bbox 18 4297 1196 4397; baseline 0.001 -28"><span class='ocrx_word' id='word_1_278' title='bbox 18 4307 20 4396; x_wconf 68' lang='grc' dir='ltr'><strong><em>ζ</em></strong></span> <span class='ocrx_word' id='word_1_279' title='bbox 82 4297 216 4374; x_wconf 81' lang='lat' dir='ltr'><strong>dedimus</strong></span> <span class='ocrx_word' id='word_1_280' title='bbox 233 4316 331 4392; x_wconf 91' lang='lat' dir='ltr'><strong>atque</strong></span> <span class='ocrx_word' id='word_1_281' title='bbox 348 4310 464 4378; x_wconf 88' lang='lat' dir='ltr'><strong>damus</strong></span> <span class='ocrx_word' id='word_1_282' title='bbox 489 4313 587 4397; x_wconf 90' lang='lat' dir='ltr'><strong>pleno</strong></span> <span class='ocrx_word' id='word_1_283' title='bbox 612 4312 682 4378; x_wconf 92' lang='lat' dir='ltr'><strong>iure</strong></span> <span class='ocrx_word' id='word_1_284' title='bbox 708 4311 916 4397; x_wconf 88' lang='lat' dir='ltr'><strong>proprietatis</strong></span> <span class='ocrx_word' id='word_1_285' title='bbox 933 4315 965 4373; x_wconf 90' lang='lat' dir='ltr'><strong>et</strong></span> <span class='ocrx_word' id='word_1_286' title='bbox 980 4305 1127 4392; x_wconf 89' lang='lat' dir='ltr'><strong>perpetui</strong></span> <span class='ocrx_word' id='word_1_287' title='bbox 1143 4302 1196 4370; x_wconf 89' lang='lat' dir='ltr'><strong>do·</strong></span> 
     </span>
     <span class='ocr_line' id='line_1_37' title="bbox 18 4407 1201 4501; baseline 0.001 -25"><span class='ocrx_word' id='word_1_288' title='bbox 18 4407 19 4462; x_wconf 85' lang='lat' dir='ltr'><strong>j</strong></span> <span class='ocrx_word' id='word_1_289' title='bbox 82 4409 159 4498; x_wconf 81' lang='lat' dir='ltr'><strong>ninij</strong></span> <span class='ocrx_word' id='word_1_290' title='bbox 175 4417 408 4501; x_wconf 87' lang='lat' dir='ltr'><strong>possidendam</strong></span> <span class='ocrx_word' id='word_1_291' title='bbox 418 4421 673 4490; x_wconf 89' lang='lat' dir='ltr'><strong>irreuoeabiliter</strong></span> <span class='ocrx_word' id='word_1_292' title='bbox 683 4427 715 4488; x_wconf 92' lang='lat' dir='ltr'><strong>et</strong></span> <span class='ocrx_word' id='word_1_293' title='bbox 725 4419 916 4487; x_wconf 84' lang='lat' dir='ltr'><strong>habendam.</strong></span> <span class='ocrx_word' id='word_1_294' title='bbox 928 4420 965 4484; x_wconf 95' lang='lat' dir='ltr'><strong>Iu</strong></span> <span class='ocrx_word' id='word_1_295' title='bbox 976 4417 1067 4484; x_wconf 91' lang='lat' dir='ltr'><strong>cuius</strong></span> <span class='ocrx_word' id='word_1_296' title='bbox 1079 4414 1125 4482; x_wconf 89' lang='lat' dir='ltr'><strong>rei</strong></span> <span class='ocrx_word' id='word_1_297' title='bbox 1136 4433 1201 4477; x_wconf 94' lang='lat' dir='ltr'><strong>me-</strong></span> 
     </span>
     <span class='ocr_line' id='line_1_38' title="bbox 18 4521 1202 4614; baseline 0.003 -32"><span class='ocrx_word' id='word_1_298' title='bbox 18 4557 19 4602; x_wconf 65' lang='lat'>3</span> <span class='ocrx_word' id='word_1_299' title='bbox 83 4521 201 4590; x_wconf 89' lang='lat' dir='ltr'><strong>noriam</strong></span> <span class='ocrx_word' id='word_1_300' title='bbox 213 4529 655 4614; x_wconf 87' lang='lat' dir='ltr'><strong>perpetuamquefirmitatem</strong></span> <span class='ocrx_word' id='word_1_301' title='bbox 666 4534 833 4614; x_wconf 88' lang='lat' dir='ltr'><strong>presentes</strong></span> <span class='ocrx_word' id='word_1_302' title='bbox 846 4527 1063 4594; x_wconf 81' lang='lat' dir='ltr'><strong>concessimus</strong></span> <span class='ocrx_word' id='word_1_303' title='bbox 1076 4523 1202 4590; x_wconf 88' lang='lat' dir='ltr'><strong>litteras</strong></span> 
     </span>
     <span class='ocr_line' id='line_1_39' title="bbox 18 4629 1201 4750; baseline -0.008 -44"><span class='ocrx_word' id='word_1_304' title='bbox 18 4637 21 4750; x_wconf 58' lang='lat' dir='ltr'><strong>l</strong></span> <span class='ocrx_word' id='word_1_305' title='bbox 84 4629 208 4713; x_wconf 73' lang='lat' dir='ltr'><strong>puplicis</strong></span> <span class='ocrx_word' id='word_1_306' title='bbox 240 4637 341 4722; x_wconf 90' lang='lat' dir='ltr'><strong>sigilli</strong></span> <span class='ocrx_word' id='word_1_307' title='bbox 372 4639 473 4704; x_wconf 87' lang='lat' dir='ltr'><strong>nostri</strong></span> <span class='ocrx_word' id='word_1_308' title='bbox 505 4637 682 4706; x_wconf 90' lang='lat' dir='ltr'><strong>munimine</strong></span> <span class='ocrx_word' id='word_1_309' title='bbox 696 4637 875 4704; x_wconf 87' lang='lat' dir='ltr'><strong>roboratas.</strong></span> <span class='ocrx_word' id='word_1_310' title='bbox 888 4635 1007 4700; x_wconf 88' lang='lat' dir='ltr'><strong>Datum</strong></span> <span class='ocrx_word' id='word_1_311' title='bbox 1023 4649 1201 4721; x_wconf 90' lang='lat' dir='ltr'><strong>permanus</strong></span> 
     </span>
     <span class='ocr_line' id='line_1_40' title="bbox 18 4751 22 4800; baseline 0 0"><span class='ocrx_word' id='word_1_312' title='bbox 18 4751 22 4800; x_wconf 86' lang='lat' dir='ltr'><strong>l</strong></span> 
     </span>
    </p>
   </div>
   <div class='ocr_carea' id='block_1_2' title="bbox 0 0 1680 5194">
    <p class='ocr_par' dir='ltr' id='par_1_2' title="bbox 0 0 1680 5194">
     <span class='ocr_line' id='line_1_41' title="bbox 0 0 1680 5194; baseline 0 0"><span class='ocrx_word' id='word_1_313' title='bbox 0 0 1680 5194; x_wconf 95' lang='lat' dir='ltr'><strong> </strong></span> 
     </span>
    </p>
   </div>
  </div>
 </body>
</html>
