3234 5194
903 355 947 419 40

849 444 891 452 a...
917 447 923 451 .

360 553 488 640 linibus,
498 551 610 638 pratis,
626 551 752 636 leuetis,
769 550 896 636 insulis,
914 549 1064 635 pisaeinis
1079 559 1111 616 et
1120 551 1198 636 alijs
1209 547 1402 642 attineneijs
1423 549 1475 614 uni

364 661 466 728 uersis
476 657 823 744 dedimus,donauimus
833 665 865 726 et
873 659 1063 728 contulimus
1073 659 1136 743 ipsi
1147 656 1330 724 venerabili
1342 657 1414 724 viro
1427 656 1488 722 lla·

361 772 463 856 gistro
472 765 641 833 Theodoro
657 765 827 850 Pteposito
837 765 983 851 Albensi,
994 773 1026 833 et
1037 765 1155 832 Comiti
1165 764 1324 831 Ladislao
1344 771 1379 830 et
1390 765 1489 848 Nyeo

100 897 102 900 ·
119 939 120 942 ,
254 958 256 962 Ι
362 878 415 944 lao
432 875 585 942 fratribus
595 874 674 962 suis,
688 873 755 942 iure
771 881 925 958 perpetuo
936 883 968 940 et
977 874 1236 942 irreuooabiliter
1247 869 1490 958 possidendam.

364 983 407 1050 Ut
422 982 519 1067 igitur
535 981 663 1068 prefata
678 981 820 1048 oollaoio
835 1000 894 1047 seu
909 981 1049 1048 donario
1065 979 1150 1049 diote
1168 988 1254 1046 terre
1271 979 1368 1046 nulla
1385 978 1492 1044 ualeat

363 1092 397 1157 iu
413 1095 577 1176 posterum
592 1087 788 1172 inprobitate
804 1089 956 1175 conuelli,
983 1090 1137 1172 nullaque
1163 1095 1346 1173 tempomm
1372 1085 1495 1154 uioissi·

363 1200 475 1269 tudiue
491 1197 681 1283 perturbari,
697 1197 730 1262 iu
747 1204 891 1264 eternam
908 1200 953 1264 rei
970 1198 1158 1265 memoriam
1174 1205 1348 1283 presentes
1365 1211 1490 1262 conces·

365 1307 465 1374 simus
489 1305 615 1370 litteras
639 1304 802 1390 dupplieis
834 1305 935 1388 sigilli
966 1305 1069 1372 nostri
1101 1304 1280 1370 munimine
1311 1302 1493 1370 roboratas.

364 1415 485 1480 Datum
500 1431 557 1496 per
573 1430 687 1478 manus
713 1412 907 1478 venerabilis
933 1414 1035 1497 patris
1052 1413 1087 1478 B.
1113 1411 1176 1479 Dei
1201 1413 1314 1496 grauia
1341 1408 1494 1494 Episcopi

364 1518 615 1604 vesprimiensis
630 1519 705 1586 aule
722 1527 829 1586 nostre
845 1519 1040 1604 cancellarij
1062 1519 1166 1586 fidelis
1183 1519 1297 1606 nostri,
1325 1537 1419 1584 anno
1436 1515 1492 1580 Do

364 1625 441 1693 mini
458 1624 579 1692 ll⁰CG⁰
594 1626 818 1714 nonagesimo,
834 1632 950 1694 ootauo
966 1627 1128 1695 kalendas
1155 1628 1361 1712 Decembris,
1393 1623 1493 1691 ludio·

365 1733 458 1800 oioue
472 1738 598 1818 quarta.

365 1950 502 2014 (Eredatis
515 1967 532 2002 a
544 1952 632 2018 Rumy
647 1948 739 2002 osalarl
753 1949 947 2012 levhltlriban,
962 1948 1095 2004 mhsolala
1107 1968 1124 2004 a
1138 1967 1253 2018 megyar
1266 1947 1423 2003 alradhmia
1436 1949 1494 1997 irat

862 2037 996 2106 thriburi.)

907 2911 961 2981 80.

363 3131 512 3196 renum
529 3130 683 3214 kirdlyne
696 3131 877 3214 moperlisiti
892 3129 1040 3196 Erzasbet
1058 3129 1164 3216 ifjabb
1188 3128 1411 3216 hircilyoenale
1435 3123 1489 3189 Be-

364 3239 444 3324 stop
461 3237 619 3324 helyaepet
634 3235 791 3322 tdrpyazo
807 3235 940 3301 1280-lo·
965 3237 1163 3323 adomciopdt
1180 3261 1201 3302 a
1225 3237 1404 3323 veazpremi
1430 3251 1491 3316 epy·
1578 3237 1579 3246 ’

751 3343 812 3408 hos
836 3347 994 3410 szdmdro.
1013 3345 1111 3411 1291.
1578 3349 1579 3360 ¹

472 3555 625 3622 Feunena
641 3553 702 3620 Dei
732 3553 843 3638 graoia
860 3555 986 3638 Regina
1001 3555 1170 3639 Huugarie
1187 3557 1350 3624 uniuersis
1377 3546 1490 3620 Christi

365 3659 516 3728 fidelibus
530 3669 597 3727 tam
613 3660 815 3746 presentibus
841 3679 938 3742 quam
964 3657 1079 3729 suturis
1106 3683 1243 3747 presens
1269 3663 1426 3750 seriptum
1450 3656 1491 3721 ‘111-

368 3769 528 3852 speotnris
543 3767 682 3834 salutem
698 3767 732 3832 in
749 3785 798 3846 eo,
816 3769 870 3849 qui
887 3768 1030 3850 Regibus
1046 3769 1105 3835 dat
1120 3770 1270 3838 salutem.
1295 3771 1350 3836 nd
1374 3766 1506 3836 minor-r

367 3893 475 3940 sorum
492 3873 644 3939 uotioium
660 3878 770 3938 tenore
786 3874 988 3958 presencium
1015 3876 1165 3943 uolumus
1191 3878 1383 3962 peruenire;
1412 3863 1488 3955 quod
1576 3949 1578 3954 ¹

366 3981 524 4048 discretus
549 3979 598 4047 vir
623 3978 779 4064 Magister
802 3979 1005 4048 Andronicus
1030 3983 1221 4066 Propositus
1247 3979 1487 4050 EuolesieWet·

367 4085 562 4174 primiensis,
590 4107 649 4155 suo
675 4093 707 4152 et
723 4083 867 4153 eiusdem
898 4087 1161 4172 Wesprimieusis
1178 4089 1329 4157 Eoolesie
1355 4077 1489 4174 Capituli
1577 4153 1578 4158 ,

367 4195 505 4283 nomina,
522 4197 565 4263 ad
582 4203 726 4265 nostram
743 4195 902 4263 aooedeus
914 4185 1119 4279 ¹presenciam
1152 4197 1301 4265 exhibuit
1317 4198 1415 4266 uobis
1436 4183 1490 4275 pri·

367 4301 488 4386 nilegis
503 4305 633 4374 domiue
649 4303 822 4373 Elisabeth
838 4303 1000 4386 quondam
1017 4304 1329 4392 Regiuell'ungarie,
1340 4292 1488 4372 consortii
1575 4315 1577 4324 ’

366 4406 487 4474 domini
513 4411 660 4480 Ladinlai
685 4410 785 4496 Regis
812 4411 931 4496 inelyte
956 4411 1208 4496 recordacionis,
1245 4431 1359 4480 socrus
1386 4410 1488 4476 nostre

365 4517 546 4605 karissime,
563 4539 658 4607 super
674 4517 855 4587 oollaoioue
871 4516 1040 4585 ouiusdam
1056 4523 1139 4584 terre
1155 4520 1261 4586 Bereu
1279 4523 1395 4586 vocate
1419 4528 1482 4579 oon·

366 4629 504 4712 leolum;
520 4637 632 4712 petens
657 4645 730 4696 oum
755 4627 927 4712 metensis,
952 4632 987 4693 vt
1011 4627 1085 4709 ipsa
1109 4625 1286 4714 priuilegia
1301 4625 1488 4713 approbato
