3124 5194
525 343 686 445 grs-

41 539 98 604 sito
114 545 147 605 et
164 537 352 608 conuentui
370 539 410 607 de
425 540 514 625 Saag
530 541 669 608 salntem
689 546 722 606 et
747 541 902 624 graciam.
918 540 1067 610 Andreas
1083 543 1168 611 filius

41 645 169 714 Nicolai
188 647 234 715 de
251 647 360 736 Scyud
388 683 428 697 -
446 685 491 698 -
513 685 550 698 -
572 650 616 716 ad
640 655 784 718 nostram
796 649 957 717 accedens
968 650 1171 737 presenciam

39 755 239 838 significauit
254 757 359 845 nobis,
377 756 463 844 quod
478 765 564 826 mete
588 765 674 826 terre
690 779 747 826 sue
762 759 914 844 Knaraeg
930 777 988 844 per
1006 758 1169 826 dominnm

39 861 71 932 Β.
86 862 214 946 Regem
233 865 364 950 collate,
380 885 437 951 per
456 866 613 950 quosdam
640 866 806 932 destructe
822 873 939 934 essent.
956 863 1076 934 Verum
1092 867 1170 951 qnia

39 967 75 1035 de
102 973 269 1054 qualitate
287 981 320 1042 et
336 973 518 1059 quantitate
535 976 639 1062 ipsius
667 979 750 1042 terre
766 973 858 1041 nobis
874 975 999 1042 veritas
1015 995 1080 1040 non
1096 993 1170 1040 con·

39 1085 145 1167 staret,
161 1079 321 1149 fidelitati
345 1091 453 1150 vestre
470 1083 679 1170 precipiendo
705 1083 919 1168 mandamns,
943 1089 1103 1166 quatenus
1117 1102 1171 1149 ve·

40 1193 134 1252 strum
154 1190 297 1256 mittatis
330 1191 491 1259 hominem
516 1213 576 1277 pro
608 1191 815 1272 testimonio,
847 1209 955 1256 coram
973 1209 1037 1272 quo
1054 1187 1169 1255 Comes

39 1295 222 1381 Stephanus
240 1297 282 1364 de
301 1297 443 1366 Dolmod
466 1300 601 1384 iobagio
632 1297 776 1366 eiusdem
803 1297 910 1363 Casiri
927 1299 1047 1385 nostri,
1073 1317 1169 1382 quem

44 1405 273 1491 principaliter
287 1404 330 1470 ad
349 1407 615 1475 reambulaudam
632 1413 749 1472 terram
776 1405 1025 1490 transmisimus,
1040 1425 1171 1491 presen-

45 1511 126 1578 tibus
142 1515 380 1582 oommetaneis
398 1521 430 1580 et
452 1516 569 1582 uicinis
585 1515 767 1581 reambnlct
791 1519 824 1579 et
839 1519 960 1580 statuat
987 1513 1092 1580 eidem
1110 1515 1175 1580 Ma·

48 1620 143 1703 gistro
162 1621 310 1710 Andree,
326 1642 430 1690 nonas
440 1631 545 1690 metas
555 1624 647 1688 iuxta
663 1629 787 1689 veteres
804 1620 971 1708 erigendo,
988 1621 1016 1689 si
1033 1621 1176 1688 nonfue-

46 1727 84 1792 rit
116 1729 377 1814 contradictum;
411 1731 674 1817 contradictores,
707 1729 808 1814 siqui
840 1727 977 1813 luednt,
996 1729 1125 1798 eosdem
1141 1731 1175 1796 in

47 1841 187 1904 nostram
207 1838 288 1903 citet
303 1839 511 1905 Presenciam
542 1839 584 1906 ad
610 1838 783 1904 terminum
802 1843 1038 1924 conpetentem,
1055 1843 1177 1923 etpost

48 1942 104 2009 boc
120 1943 210 2011 diem
227 1946 409 2030 citationis,
435 1947 567 2014 nomina
583 1945 874 2031 contradictorum,
905 1946 1079 2011 terminum
1095 1944 1176 2011 assi·

50 2057 190 2137 gnatum,
211 2054 405 2136 qualitatem
421 2063 452 2121 ct
468 2055 684 2137 quantitatem
711 2055 798 2120 dicte
813 2061 911 2141 terre,
927 2073 967 2119 ac
984 2071 1096 2121 omaus
1112 2073 1177 2119 me-

50 2165 150 2224 tarum
170 2161 269 2227 nobis
285 2161 422 2228 fideliter
443 2163 639 2230 rescribatis.
667 2164 789 2230 Datum
817 2161 908 2229 Bnde
934 2157 1176 2249 (indominica)

51 2263 124 2331 llsto
140 2267 235 2334 Mihi.

152 2377 225 2444 Nos
242 2377 354 2461 itaque
370 2379 472 2461 Regio
490 2379 643 2446 mandato
662 2380 848 2464 cupientes,
876 2383 912 2443 ut
927 2383 1075 2444 tenemur
1090 2375 1178 2460 (obe-

54 2481 140 2573 dire),
156 2507 233 2552 cnm
250 2486 398 2572 predicto
430 2488 560 2556 bomine
577 2495 683 2556 vestro
715 2495 863 2555 nostrum
879 2487 1041 2554 hominem
1057 2508 1116 2573 pro
1132 2493 1178 2552 te-

55 2595 201 2664 stimonio
218 2595 261 2662 ad
279 2597 484 2665 statuendam
505 2603 713 2666 memoratam
731 2605 853 2664 terram
880 2599 1064 2665 curabimus
1080 2594 1178 2663 desti·

55 2723 145 2789 nare;
162 2705 220 2789 qui
237 2705 364 2773 demum
382 2707 503 2793 pariter
519 2707 562 2774 ad
578 2727 638 2774 nos
663 2706 783 2774 reuersi
807 2705 902 2772 nobis
918 2703 1117 2772 concorditer
1132 2721 1180 2768 rc-

57 2812 211 2879 tulerunt:
229 2814 403 2900 quodcum
419 2815 462 2880 ad
478 2815 597 2882 laciem
614 2815 700 2882 dicte
718 2821 804 2882 terre
815 2815 1045 2898 accessissent,
1061 2819 1094 2878 ct
1104 2831 1179 2877 ean-

57 2916 121 2986 dem
138 2921 299 3006 Magistro
316 2925 448 2990 Andrec
464 2931 606 2991 statuere
638 2923 841 3006 uoluissent,
858 2922 1028 2989 venientes
1043 2916 1178 3004 Stepha-

58 3047 111 3092 nus
134 3031 223 3097 lilius
255 3030 399 3117 Nicolai,
434 3043 468 3099 et
498 3031 612 3099 (lomes
629 3031 803 3098 Pazuanns
819 3029 860 3098 de
877 3027 1060 3113 Ohalamia,
1079 3026 1181 3093 vicini

59 3135 210 3226 eiusdem,
227 3135 449 3226 (consen)sum
476 3141 551 3208 huic
567 3141 703 3224 negocio
720 3139 947 3224 prebuissent,
973 3135 1050 3201 item
1067 3133 1181 3200 Comes

59 3241 207 3313 Nicotaus
224 3246 266 3312 de
282 3246 383 3335 Kuar,
401 3247 539 3315 Alesios
555 3250 638 3314 filius
665 3244 845 3326 Feliciani,
864 3250 898 3309 et
913 3243 1081 3311 lohannes
1095 3239 1181 3308 filius

59 3349 228 3421 laurencii
245 3353 285 3420 de
302 3353 475 3421 Chalamia
484 3408 494 3444 ,
511 3375 584 3422 esse
601 3361 719 3422 terram
747 3352 854 3420 Castri
871 3353 1106 3432 affirmassent3
1123 3345 1183 3415 sed

60 3463 269 3528 astatucione
285 3463 430 3530 eiusdem
445 3469 531 3529 terre
547 3465 675 3549 penitus
686 3460 816 3528 eosdem
833 3459 1054 3546 prohibentes,
1072 3462 1105 3523 et
1115 3475 1182 3522 eos·

62 3567 137 3658 dom,
153 3572 306 3639 videlicet
322 3573 509 3660 Nicolaum,
540 3571 690 3639 Alexinm
707 3577 739 3638 et
764 3570 946 3640 iohannem
971 3566 1134 3654 predictos
1148 3565 1183 3631 in

62 3681 178 3748 octauis
196 3680 351 3747 Cinaram
368 3681 412 3748 ad
434 3683 638 3767 presenciam
664 3680 779 3747 Vestro
795 3677 998 3744 Excellencie
1015 3677 1183 3759 citassent,

62 3791 188 3856 octenas
205 3788 304 3856 medii
320 3790 444 3855 XLme
470 3807 556 3855 nuno
566 3795 720 3854 venturas
738 3786 858 3854 eisdem
876 3805 935 3870 pro
952 3783 1088 3850 termino
1104 3783 1182 3849 assi·

64 3896 197 3978 gnando.
215 3899 334 3964 Datum
352 3905 468 3982 quarta
491 3897 572 3963 leria
587 3895 737 3983 proxima
752 3902 825 3982 post
842 3895 927 3960 diem
943 3893 1122 3960 citacionis.

160 4005 270 4072 Tenor
286 4025 361 4072 vero
378 4005 542 4091 priuilegij
561 4004 683 4072 domini
709 4004 787 4069 Bele
803 4003 903 4087 Regis
920 4000 995 4066 talis
1011 4005 1085 4066 est:

161 4116 242 4182 Bela
258 4113 310 4181 dei
327 4116 441 4198 gracia
467 4116 536 4180 Rex
569 4113 802 4199 primogenitus
820 4110 881 4178 slb.
902 4106 1113 4198 (kbvetkezik
1129 4105 1184 4171 IV.

64 4221 137 4290 Bela
151 4223 333 4310 kirtlynak
351 4224 487 4290 lasabi
505 4222 698 4308 adombnya,
715 4219 797 4286 mint
817 4215 1101 4306 gydjtemenyttnk
1111 4211 1183 4279 VII.

64 4333 172 4418 vagyis
188 4352 210 4398 a
227 4329 376 4399 masodik
393 4332 517 4418 lolyam
534 4333 576 4396 Il.
596 4329 774 4398 kbtctebeu
792 4329 868 4396 163.
885 4324 923 4410 l.)

161 4441 254 4511 Idem
278 4442 382 4509 eciam
408 4440 565 4524 Magister
589 4439 739 4506 Andreas
771 4435 916 4503 exhibuit
941 4429 1033 4501 nobis
1059 4428 1185 4498 litteras

66 4549 178 4620 domini
194 4551 293 4636 Regis
310 4551 396 4618 hunc
413 4557 557 4618 tenorem
575 4548 798 4616 continentes:

161 4663 282 4730 Datum
298 4679 356 4744 pro
381 4660 555 4742 memoria,
582 4653 666 4742 quod
683 4653 840 4740 Magister
871 4648 1055 4717 Demetrius
1071 4645 1186 4716 comcs
