3146 5192
934 995 1014 1062 242.

406 1194 472 1260 ιη.
488 1193 595 1257 auare
610 1193 720 1279 error,
735 1194 820 1276 ustor
836 1193 951 1277 ssaaja
966 1194 1051 1276 aja
1068 1195 1204 1260 raca-ur
1222 1165 1396 1264 manaa
1417 1199 1511 1285 ratpr-

450 1309 498 1385 yet
513 1302 673 1385 trirqyuaci
688 1299 883 1386 adomdnydt
899 1297 1027 1385 Miletos,
1045 1299 1202 1388 Stepkfic
1218 1307 1376 1368 eadmero.
1392 1305 1476 1370 1300.

513 1496 661 1562 Andreas
678 1494 740 1562 Dei
755 1495 869 1579 gracia
884 1493 1062 1582 Hnngarie,
1073 1497 1255 1586 Dalmaoie,
1265 1497 1409 1584 cronon,
1418 1501 1512 1586 Bane,

403 1601 527 1688 Seruio,
546 1601 694 1686 Gallina,
710 1601 910 1684 Lodomerie,
929 1603 1085 1668 Cumanie
1101 1603 1320 1687 Bnlgarieque
1337 1603 1406 1672 Rex
1428 1607 1512 1672 onrni·

403 1711 464 1776 bus
493 1707 612 1776 Christi
637 1709 786 1776 fidelibus
811 1721 877 1775 tam
903 1711 1107 1794 presentibus
1132 1731 1229 1794 quam
1255 1711 1372 1778 futuris
1398 1733 1513 1798 presens

405 1817 560 1902 scriptum
576 1817 770 1904 inspecturis
787 1817 925 1884 salutem
944 1815 976 1882 in
994 1818 1135 1884 omnium
1152 1821 1328 1886 saluatore.
1354 1822 1442 1887 Licet
1461 1821 1511 1886 Re-

402 1928 459 2009 gia
475 1927 582 2010 pietas
598 1943 727 1991 manum
743 1921 861 1991 debent
878 1925 1041 2009 porrigere
1056 1925 1217 1992 uniuersis
1233 1927 1418 1992 munificam
1429 1952 1436 2012 Ξ
1447 1927 1512 1993 illos

403 2042 672 2119 lumenque-um
689 2039 824 2117 experta
840 2031 989 2116 probitas
1015 2031 1150 2097 laudata
1175 2041 1225 2099 est
1249 2033 1283 2099 in
1307 2037 1467 2121 prosperis
1490 2043 1515 2100 et

403 2141 561 2224 aduersis,
580 2141 734 2225 prosequi
751 2139 849 2206 debet
864 2140 1089 2206 munificencia
1104 2140 1249 2226 largiori,
1267 2149 1301 2208 vt
1329 2144 1388 2226 alij
1414 2163 1510 2210 eornm

404 2249 560 2336 exemplis
576 2249 704 2314 inuitati
736 2246 778 2312 ad
809 2246 974 2314 fidelitatis
1000 2269 1101 2334 opera
1132 2251 1260 2317 facilius
1292 2254 1512 2318 accendantur.

404 2355 544 2422 Proinde
560 2357 603 2421 ad
622 2356 842 2424 uniuersorum
858 2356 1013 2422 noticiam
1031 2363 1143 2422 tenore
1158 2359 1360 2443 presencium
1377 2360 1513 2426 volumus

325 2487 336 2496 ·
403 2465 584 2550 peruenire,
603 2461 689 2548 quod
706 2465 862 2548 Magister
878 2463 1033 2530 Nicolaus
1049 2464 1135 2531 filius
1154 2465 1276 2551 Stepok
1294 2465 1399 2532 fidelis
1417 2472 1514 2532 noster

398 2571 441 2640 ad
455 2578 601 2638 nostram
616 2569 775 2636 accedens
791 2570 993 2656 presenciam
1010 2570 1155 2636 exhibuit
1181 2572 1274 2637 nobis
1299 2577 1448 2658 patentes
1471 2573 1514 2635 lit·
1552 2588 1557 2597 ·

398 2689 485 2746 teras
502 2685 632 2745 nostras
649 2697 746 2762 super
761 2676 945 2744 donacione
961 2685 1048 2744 terre
1064 2677 1227 2745 Ohrmona
1243 2689 1359 2745 vocate
1375 2679 1409 2744 in
1418 2680 1512 2766 Lypto

398 2787 568 2856 existentis
586 2786 759 2866 confectas,
776 2795 890 2870 petens
907 2785 1035 2852 anobis
1050 2806 1123 2852 cum
1140 2785 1310 2872 instancia,
1329 2794 1364 2853 vt
1398 2787 1517 2853 easdem

398 2895 523 2961 litteras
539 2901 629 2960 ratas
645 2892 767 2959 habere
785 2900 815 2958 et
831 2902 995 2978 acceptas,
1013 2899 1188 2978 nostroque
1203 2895 1380 2979 priuilegio
1404 2895 1445 2961 de
1469 2895 1513 2960 be·

399 3005 558 3089 nignitate
573 3003 678 3085 Regia
695 3001 885 3066 confirmare
900 2999 1119 3086 dignaremur.
1148 3001 1291 3080 Quarum
1315 3003 1446 3086 quidem
1470 3021 1515 3086 pa·

399 3111 539 3179 tenuium
555 3110 733 3177 litterarum
751 3113 934 3176 nostrarum
950 3113 1041 3177 tenor
1057 3109 1134 3176 talis
1152 3115 1218 3176 est:

505 3221 573 3286 Nos
590 3219 795 3285 AndreasD.
813 3239 860 3304 gr.
878 3219 1044 3304 Hungarie
1061 3219 1121 3284 stb.
1139 3219 1208 3282 Rex
1223 3217 1284 3284 stb.
1311 3213 1516 3304 (revertent

398 3327 458 3396 111.
476 3327 587 3394 Endre
612 3327 790 3412 kirtlynak
818 3327 955 3395 laea-ki
981 3325 1261 3413 adomanylevele,
1287 3325 1367 3390 mint
1392 3323 1516 3392 fentebb

401 3441 452 3505 73.
468 3435 561 3522 sua.)

462 3601 464 3606 .
506 3545 574 3611 Nos
590 3544 702 3627 itaque
718 3540 932 3607 consideratis
948 3539 1159 3608 fidelitatibus
1176 3547 1209 3606 et
1237 3539 1410 3624 meritorijs
1435 3543 1517 3607 obse·

397 3654 482 3739 quijs
507 3652 610 3740 ipsius
636 3649 778 3736 Nicolai,
807 3667 870 3734 que
901 3649 995 3715 nobis
1019 3649 1053 3714 in
1085 3647 1222 3714 diuersis
1255 3647 1516 3732 expedicionibus
1562 3673 1565 3734 Ξ

396 3763 500 3848 Regni
515 3761 629 3845 nostri,
645 3765 712 3823 tam
730 3757 940 3842 generalibus
956 3775 1052 3838 quarn
1070 3758 1173 3822 eciam
1183 3756 1455 3844 particularibus,
1465 3766 1518 3823 stu·

396 3871 467 3938 duit
482 3869 614 3936 exibere
632 3871 664 3933 vt
678 3867 814 3933 fideliter
829 3867 877 3935 sic
894 3865 1021 3952 deuote,
1038 3873 1070 3929 et
1097 3866 1237 3932 maxime
1253 3871 1329 3930 tunc
1353 3863 1432 3931 dum
1452 3883 1517 3930 con·
1563 3855 1565 3940 Ξ

396 3988 449 4048 tra
464 3977 628 4044 dominum
645 3974 812 4041 Albertunr
828 3983 906 4040 tunc
922 3975 1045 4040 Ducem
1061 3972 1189 4039 Austris
1206 3979 1237 4038 ct
1253 3971 1371 4057 Styrie,
1398 3973 1514 4057 capitu-
1563 3949 1565 4058 Ξ

397 4089 459 4156 lem
475 4083 642 4151 inimicum
659 4083 762 4164 Regni
790 4081 902 4164 nostri,
928 4099 1014 4145 nunc
1044 4099 1120 4146 vero
1151 4079 1273 4162 Regem
1305 4079 1518 4146 Romanorum
1563 4063 1565 4068 ’

395 4195 533 4280 Semper
549 4191 732 4276 Augustum
747 4197 875 4278 patrem
891 4196 1037 4254 nostrum
1052 4187 1277 4273 predileotum,
1295 4185 1338 4251 ad
1357 4173 1516 4253 conteren·
1563 4203 1565 4282 t

397 4303 471 4373 darn
488 4301 725 4370 contumaciam
751 4305 782 4364 et
809 4299 974 4364 maliciam
999 4293 1143 4363 eiusdem
1169 4297 1346 4362 exereitum
1373 4297 1518 4361 mouisse·
1564 4291 1565 4360 j

396 4433 467 4481 mue
484 4409 679 4496 generalem,
696 4412 729 4472 et
743 4405 890 4489 Regnum
905 4401 1008 4488 ipsius
1023 4402 1218 4488 adissemus,
1235 4400 1400 4486 predictus
1427 4401 1518 4466 Nico·

396 4521 469 4588 laus
486 4519 519 4584 in
537 4514 781 4600 expugnacione
798 4518 977 4578 castrorum
993 4509 1240 4576 'teutonicorum
1258 4515 1372 4574 mantra
1396 4517 1516 4592 partem
1563 4523 1565 4608 ξ

397 4627 569 4696 aduersam
593 4617 915 4686 viriliterdimicans
941 4623 1097 4699 tanquam
1123 4616 1176 4682 leo
1202 4615 1295 4682 fortis
1320 4635 1379 4701 per
1410 4615 1519 4682 lancee
