3180 5202
865 385 1102 482 Ab..

383 583 531 667 miensis,
549 579 681 648 Comitis
697 577 850 666 Hoholdt,
866 585 899 644 et
913 577 1055 646 omnium
1070 579 1304 662 cognacionum
1314 583 1508 664 nostrarum.
1571 603 1575 666 ⁴ss

382 690 424 756 ab
442 689 529 756 omni
546 685 775 769 controuersia,
791 685 996 772 inpeticionc‚
1007 681 1214 768 solucionefet
1225 684 1435 753 restitucione
1443 707 1502 753 ser·
1573 687 1575 756 i

380 818 492 864 uorum
509 801 541 861 et
557 795 761 881 ancillarum,
778 813 840 876 qne
854 811 951 880 super
967 792 1053 860 facto
1068 791 1173 879 predii
1191 792 1234 859 dc
1248 792 1411 859 Scemcna
1427 795 1507 860 inter
1573 807 1575 840 ³

378 907 484 988 ipsum
501 901 694 986 Magistrum
711 899 902 968 Michaelcm
911 901 1099 968 vertebatur
1109 921 1149 966 ex
1158 921 1225 968 una
1233 908 1341 987 parte,
1363 907 1396 966 ct
1414 896 1521 984 Acus‚'
1573 963 1575 986 p

380 1010 551 1078 Nicolaum
568 1016 601 1076 et
616 1007 799 1076 Dionisinm
817 1029 856 1074 ex
867 1008 983 1094 altera,
993 1007 1124 1075 omnino
1135 1015 1186 1075 est
1195 1008 1366 1090 liberatus,
1376 1014 1409 1073 et
1420 1007 1504 1075 abso·
1574 1091 1575 1094 Ἴ

381 1120 481 1207 lutus,
493 1118 600 1186 etiarn
617 1117 737 1184 dictum
748 1115 896 1200 predium
906 1115 1063 1182 Scemena
1073 1116 1221 1199 superins
1232 1117 1436 1184 nominatum
1446 1116 1503 1180 lla-

380 1227 484 1309 gistro
494 1223 643 1292 Michaeli
660 1221 864 1307 integraliter
878 1222 1072 1310 restitutum,
1083 1223 1145 1290 sibi
1156 1230 1188 1288 et
1204 1223 1273 1289 suis
1287 1223 1462 1290 heredibus
1476 1224 1505 1288 in

380 1339 572 1416 perpetuum
588 1329 829 1417 possidendum,
846 1335 879 1397 et
902 1329 963 1396 hoc
995 1351 1067 1396 enm
1091 1331 1206 1396 litteris
1237 1329 1506 1398 testimonialibus

383 1437 536 1524 Episcopi
547 1437 813 1521 wesprimiensis
823 1439 1054 1504 confirmatum.
1067 1439 1109 1503 Et
1123 1458 1183 1505 nos
1195 1437 1309 1524 eciam,
1319 1457 1364 1504 ne
1373 1438 1434 1504 boc
1442 1457 1507 1521 pro

385 1563 478 1614 cessn
495 1543 651 1630 temporis
667 1543 702 1610 iu
717 1543 842 1610 irritum
861 1543 966 1630 possit
975 1547 1135 1631 reuocari,
1153 1565 1193 1613 ea
1208 1565 1272 1628 que
1288 1565 1401 1611 coram
1417 1544 1503 1610 nobis

383 1654 548 1740 proposita
564 1661 596 1719 ct
612 1653 799 1740 factasunt,
829 1651 964 1721 fecimus
993 1653 1144 1720 mandari
1176 1654 1308 1739 litteris,
1340 1660 1375 1719 et
1405 1649 1495 1735 sigilli

382 1760 483 1828 nostri
499 1761 674 1828 munimine
689 1760 841 1827 roborari.

380 1954 520 2020 (Eredetie
535 1955 711 2021 bdrbuirtytm
733 1972 786 2020 egy
808 1954 1033 2022 hdrtyaasinegen
1058 1956 1142 2020 tuggo
1165 1952 1260 2021 pecsdt
1285 1954 1365 2018 ullast,
1391 1970 1409 2005 a
1427 1954 1504 2007 butri

742 2047 793 2096 lrir.
813 2047 934 2097 kamarai
956 2041 1150 2110 levdltdrbsn.)

845 2269 1058 2284 ——u——n

909 2719 984 2786 elo.

392 2919 491 2985 Ponet
518 2917 671 2984 comesuet·
687 2939 876 3003 uqyonaaon
891 2917 1110 3003 cypezkedr'erc
1127 2917 1301 2983 conatlozo'
1332 2917 1502 3003 heleberto-
1573 2995 1574 2998 Ἴ

682 3027 746 3112 ppo
761 3023 984 3108 opilatkozata.
1002 3003 1195 3090 ricem
1221 3024 1342 3113 mlh

490 3221 594 3288 Ponet
610 3218 726 3287 Comes
742 3217 844 3284 frater
858 3215 995 3286 Arnoldi
1011 3217 1145 3286 Comitis
1161 3218 1203 3286 de
1214 3225 1307 3302 patre
1323 3224 1356 3284 et
1376 3219 1419 3284 de
1440 3236 1503 3317 ma·-

382 3335 430 3391 tre
446 3327 604 3415 omnibus,
621 3326 664 3393 ad
679 3345 758 3410 quos
774 3321 883 3392 litters
898 3331 1066 3411 presentes
1082 3327 1302 3411 peruenerint,
1319 3303 1496 3392 salntem'in

383 3433 520 3500 Domino
537 3433 685 3500 salutari.
701 3431 925 3518 Significamus
942 3432 1093 3500 omnibus
1108 3439 1276 3517 presentes
1302 3431 1445 3500 litterras
1458 3432 1496 3498 iu·
1573 3443 1574 3446 ’

383 3541 551 3627 spontane,
567 3541 653 3625 quod
669 3539 823 3624 Magister
839 3538 981 3607 Michael
999 3540 1206 3626 presentibus
1238 3538 1343 3627 nobis,
1368 3541 1430 3606 sub
1457 3546 1495 3604 ts·

382 3647 530 3714 stimonio
552 3647 705 3733 Episcopi
724 3647 980 3732 Vesprimiensis,
1011 3646 1146 3714 Comitis
1175 3646 1334 3733 Haholdi,
1362 3644 1496 3732 llagistri

381 3754 513 3836 anadi,
530 3759 562 3820 et
577 3755 719 3821 omnium
734 3754 965 3840 cognacionnm
981 3763 1172 3840 nostrarum,
1198 3757 1241 3820 ab
1271 3755 1360 3821 omni
1385 3761 1500 3824 contro

381 3862 499 3948 uersia,
509 3860 714 3949 inpeticione,
729 3862 895 3930 solucione
911 3868 944 3929 et
959 3863 1164 3929 restitucione
1179 3880 1345 3929 seruorum
1362 3867 1395 3928 et
1410 3857 1496 3927 ancil·

380 3970 493 4055 larum,
511 3991 572 4055 que
588 3989 685 4057 snper
700 3969 903 4056 lactopredij
917 3970 958 4036 de
979 3969 1233 4036 Scemnnaintcr
1243 3971 1350 4055 ipsum
1366 3969 1494 4037 bliebae

381 4079 446 4146 lem
461 4081 649 4146 uertebatur
666 4099 707 4145 ex
723 4098 788 4146 una
805 4085 907 4164 parte,
924 4083 957 4142 et
972 4080 1066 4161 Acus,
1085 4077 1256 4143 Nicolaum
1277 4081 1310 4143 et
1324 4077 1498 4144 Diouisium

381 4205 422 4253 cx
437 4185 552 4270 altera,
569 4186 699 4253 omnino
716 4193 767 4254 est
781 4187 939 4253 liberatus
956 4193 989 4252 et
1014 4185 1191 4269 absolutus,
1224 4191 1256 4251 et
1285 4183 1352 4250 iam
1384 4185 1494 4252 dictun

380 4291 529 4379 predium
545 4293 706 4361 Scemnna
737 4294 883 4380 superins
917 4292 1081 4360 nominato
1104 4292 1260 4377 Magistro
1290 4291 1333 4358 ll.
1365 4293 1492 4377 integra·

380 4399 456 4467 liter
467 4401 659 4486 restitutum,
675 4403 738 4469 sibi
756 4410 789 4468 et
803 4400 870 4468 suis
886 4400 1059 4467 heredibus
1075 4400 1107 4466 in
1123 4405 1315 4485 perpetuum
1340 4398 1498 4484 possiden·

354 4508 478 4592 ‚dum3
496 4515 528 4574 et
545 4509 606 4576 boc
631 4527 702 4575 cum
733 4508 851 4576 litteris
888 4507 1161 4575 testimonialibus
1193 4505 1349 4593 Episcopi
1380 4500 1496 4589 Vespri·

381 4617 514 4682 misnsis
530 4617 760 4683 confirmatum.
777 4617 818 4682 st
834 4635 894 4683 nos
911 4615 1024 4701 eciam,
1040 4635 1082 4682 ne
1097 4614 1159 4683 hoc
1174 4633 1327 4701 processu
1354 4607 1502 4700 temporis
