3234 5194
825 461 848 468 -
895 373 980 469 10--

341 559 416 628 inde
434 583 519 647 vero,
537 563 589 629 vbi
607 563 696 630 cadit
714 565 744 629 in
761 565 922 649 prelatum
945 564 1076 630 fluuium
1095 582 1199 645 usquo
1225 559 1471 645 possessionem

341 669 462 756 Rokus,
480 671 539 737 hoo
556 679 604 737 est
636 691 749 739 versus
779 671 911 756 plagam
945 669 1189 737 meridionalem
1206 670 1331 736 directe
1361 683 1474 751 prooe-

341 777 447 864 dendo
463 797 565 861 vsqno
580 779 623 845 ad
639 778 799 862 quendam
817 779 933 846 riwlun
950 781 1021 846 siue
1036 778 1242 865 pontioulum
1258 776 1356 842 Nirer
1379 792 1474 839 vooa·

339 891 414 966 tum,
432 885 486 966 qui
503 885 687 970 ponticulus
703 885 777 952 ideo
795 887 890 952 Nirer
918 893 968 952 est
991 891 1137 970 vooatus,
1164 885 1244 980 quia
1269 881 1376 948 iuoole
1403 899 1476 964 pos-

339 991 492 1056 sessionis
509 992 604 1057 Nirer
629 993 750 1059 habent
764 991 947 1060 libertatem
972 990 1107 1060 secandi
1135 992 1239 1076 ligna,
1266 997 1298 1056 et
1324 989 1387 1055 hoo
1415 1009 1477 1073 pro

339 1097 415 1180 igne
453 1097 630 1182 duntaxat,
661 1099 695 1162 in
728 1099 821 1165 siluis
853 1100 965 1167 Rokus
990 1119 1092 1182 usque
1126 1099 1168 1164 ad
1199 1098 1362 1182 prefatum
1395 1115 1479 1181 pon·

341 1213 435 1286 tem;
467 1205 543 1272 inde
575 1227 652 1272 vero
685 1227 705 1271 a
736 1207 864 1293 prefato
895 1215 996 1294 ponte
1027 1206 1257 1273 continuantur
1299 1213 1382 1270 mete
1426 1222 1480 1267 vs·

343 1329 405 1392 que
422 1313 464 1377 ad
482 1315 645 1396 quendam
662 1321 801 1380 montem
832 1315 1002 1383 rotundum
1028 1313 1249 1400 appellatum
1283 1310 1359 1378 inde
1396 1330 1476 1376 vero

340 1437 441 1501 usque
481 1420 525 1484 ad
564 1418 723 1503 quendam
765 1421 888 1488 riwlum
929 1421 1095 1507 Vysfalw,
1137 1419 1361 1488 Thouthonioe
1393 1438 1475 1484 vero

340 1526 524 1594 Dorwsanff
552 1535 717 1612 vooatum3
752 1529 826 1594 inde
850 1549 926 1596 vero
952 1530 995 1596 ad
1020 1527 1179 1613 quosdam
1203 1528 1312 1595 fontes
1344 1525 1473 1592 lutosos

341 1635 411 1700 sine
426 1635 637 1720 cognomin05
655 1635 731 1702 inde
748 1655 824 1702 vero
845 1657 944 1720 voque
970 1637 1016 1722 ad¹
1038 1636 1201 1720 quandam
1218 1637 1366 1702 arborem
1400 1634 1473 1718 pla-

340 1742 407 1808 tani
425 1749 510 1808 terra
541 1739 787 1826 oiroumfusam;
821 1741 895 1808 indo
928 1762 1003 1808 vero
1035 1763 1138 1827 usque
1170 1741 1214 1807 ad
1230 1741 1367 1808 fluuium
1400 1743 1479 1806 siue

340 1849 468 1916 riwlum
495 1849 647 1936 Ydiswys
664 1849 731 1916 alio
762 1851 894 1917 nomine
918 1849 1084 1936 Libs'ayff3
1104 1849 1181 1916 inde
1207 1869 1285 1915 vero
1312 1847 1402 1914 inira
1418 1868 1481 1932 per

341 1954 463 2022 dietum
483 1957 610 2024 riwlum
627 1957 856 2024 descendendo
872 1958 1032 2042 usquead
1048 1959 1135 2024 viam
1153 1977 1216 2040 que
1238 1955 1329 2022 ducit
1345 1975 1387 2020 ex
1406 1973 1483 2040 pos-

337 2062 482 2129 sessione
497 2064 607 2130 Rokus
623 2085 723 2148 vsque
739 2065 781 2131 ad
797 2067 1036 2150 possessionem
1045 2065 1183 2132 Landnk
1199 2089 1206 2148 ;
1225 2071 1257 2130 et
1272 2063 1318 2130 ibi
1346 2064 1401 2130 rbi
1420 2083 1474 2128 oe-

339 2169 387 2237 dit
403 2171 490 2238 diota
506 2171 560 2236 via
577 2172 610 2236 in
627 2170 925 2262 riwlumYdiswys,
952 2173 997 2240 ibi
1030 2173 1245 2242 terminantur
1258 2179 1350 2237 ‘mete
1382 2171 1474 2236 inter

340 2278 563 2363 possessiones
579 2278 691 2345 Rokus
708 2285 740 2345 et
756 2280 906 2347 Landok.
924 2283 964 2347 Et
975 2280 1021 2347 ibi
1032 2281 1138 2347 eniam
1149 2278 1311 2363 incipiunt
1321 2283 1410 2343 mete
1427 2277 1478 2342 in-

339 2393 388 2450 ter
403 2384 621 2452 Theutonieos
633 2385 672 2450 de
686 2386 765 2450 Bela
775 2393 806 2452 et
817 2387 967 2474 Landok,
979 2387 1180 2454 transeundo
1191 2386 1374 2472 predictam
1384 2384 1478 2450 viam

342 2490 461 2558 dimoto
479 2511 578 2574 usqua
594 2492 636 2558 ad
652 2491 785 2558 fluuium
805 2492 965 2580 Vyslalw;
981 2493 1058 2560 indo
1076 2513 1150 2560 vero
1167 2513 1270 2578 usque
1297 2491 1342 2558 ad
1369 2512 1477 2576 quan-

342 2599 418 2665 dam
435 2619 568 2684 paruam
597 2599 714 2665 vallem
740 2601 889 2686 lutosam,
914 2601 947 2666 in
973 2620 1039 2684 qua
1056 2607 1106 2668 est
1130 2621 1232 2688 pons3
1260 2599 1338 2669 iude
1364 2606 1481 2669 antem

339 2707 461 2774 direoto
476 2727 579 2790 usque
596 2705 754 2773 adolium
771 2713 910 2794 pontem,
928 2709 982 2790 qui
999 2717 1048 2776 ost
1063 2708 1097 2774 iu
1123 2709 1221 2776 fluuio
1248 2708 1334 2775 Bela
1350 2727 1392 2775 ex
1421 2729 1479 2794 op·

340 2816 446 2898 posito
472 2814 674 2899 quorundam
707 2817 867 2881 monoium
894 2817 1012 2885 Kaffen
1037 2823 1237 2900 vooatornm,
1264 2816 1319 2898 qni
1347 2822 1484 2883 montes

341 2921 490 2988 diuidnnt
516 2923 754 3006 possessionem
781 2922 915 2992 Landok
932 2945 953 2988 a
984 2924 1195 2991 Thoutoniois
1228 2926 1269 2991 de
1300 2925 1476 3008 Byrbron;

341 3027 504 3095 redeundo
521 3037 628 3095 autern
643 3047 770 3095 rursum
788 3049 843 3114 per
859 3031 1018 3113 prefatam
1036 3031 1122 3096 viam
1138 3050 1243 3113 usque
1259 3031 1302 3098 ad
1338 3031 1479 3098 fluuium

339 3137 501 3221 Ydiswys,
520 3137 574 3202 vbi
606 3135 759 3202 videlieet
784 3136 954 3203 terminate
969 3145 1043 3202 sunt
1069 3146 1154 3204 mete
1180 3139 1265 3204 inter
1298 3139 1412 3204 Ilokus
1439 3149 1475 3204 ot

341 3243 497 3330 Landok,
515 3244 559 3311 ibi
576 3243 746 3326 inoipinnt,
764 3250 798 3307 vt
814 3241 981 3326 prefertur,
998 3250 1081 3309 mete
1105 3244 1190 3310 inter
1215 3245 1477 3312 Therothonioos

341 3349 382 3416 de
397 3349 478 3417 Bela
494 3357 526 3416 et
542 3349 783 3434 possessionem
800 3349 929 3432 Rokus3
949 3349 1025 3416 inde
1037 3369 1112 3416 vero
1123 3350 1356 3418 deseendendo
1368 3373 1479 3437 penos

343 3453 500 3538 prelatum
517 3455 650 3521 fluuium
667 3453 821 3537 Ydiswys
839 3473 939 3536 usque
956 3455 1000 3520 ad
1017 3457 1184 3538 palludem
1213 3459 1394 3544 quandam,
1425 3463 1485 3528 vbi

224 3574 229 3584 ’
344 3561 507 3644 predictus
522 3559 639 3626 fluuius
656 3559 764 3642 perdit
781 3579 969 3648 cognomen,
986 3568 1018 3627 et
1033 3561 1100 3629 alio
1125 3565 1255 3630 nomine
1284 3565 1401 3652 incipit
1429 3589 1486 3633 vo-

340 3667 409 3732 oari
425 3667 636 3750 Sworzbaoh;
665 3675 697 3732 et
723 3666 799 3732 inde
814 3687 941 3752 semper
957 3668 1078 3736 dietum
1095 3671 1229 3738 fluuium
1248 3673 1487 3740 descendendo

342 3774 496 3853 usquead
513 3773 676 3855 quandam
688 3772 806 3838 vallem
817 3773 1022 3840 sineriwlum
1033 3777 1248 3862 Grvmpsayff,
1259 3781 1329 3846 elio
1346 3783 1489 3848 nomine

341 3879 554 3962 Soarpataka,
573 3882 628 3962 qui
643 3879 753 3944 riwlns
769 3878 840 3944 siue
856 3881 952 3946 vallis
983 3881 1103 3949 diuidit
1117 3886 1344 3968 possessiones
1363 3887 1487 3954 Rokus

341 3995 373 4052 et
388 3986 501 4070 Nitor,
535 3993 566 4052 et
583 3985 627 4050 ibi
655 3983 709 4049 vbi
736 3985 825 4051 eadit
850 3988 883 4052 in
908 3987 1033 4053 rivulum
1062 3990 1278 4076 Sworubaoh,
1307 3993 1355 4062 ibi
1373 3995 1489 4080 pordit

340 4113 466 4179 nomen,
485 4103 517 4161 et
532 4093 577 4159 ibi
594 4091 753 4176 incipiunt
768 4097 851 4158 mete
876 4093 960 4159 inter
985 4095 1236 4164 Thewthonioos
1263 4101 1307 4166 de
1332 4101 1420 4169 Bela
1446 4110 1482 4170 et

340 4201 423 4266 inter
438 4201 677 4286 possessionem
695 4199 806 4283 Nirer3
826 4207 858 4267 et
873 4200 920 4266 sio
936 4201 1022 4267 infra
1038 4205 1238 4273 transeundo
1255 4227 1313 4292 per
1340 4209 1482 4276 fluuium

341 4309 534 4378 Swombaoh
550 4327 651 4392 vsque
666 4306 709 4374 ad
725 4305 856 4372 fluuium
877 4305 1013 4393 Poprad,
1039 4309 1095 4376 vbi
1111 4317 1162 4378 est
1179 4312 1252 4380 finis
1274 4320 1307 4380 et
1319 4319 1485 4386 terminus

341 4427 498 4484 metarum
526 4416 609 4482 inter
640 4416 879 4499 possessionem
902 4414 997 4480 Nirer
1014 4423 1046 4480 et
1077 4415 1298 4487 Theutonieos
1315 4421 1357 4490 de
1382 4425 1478 4493 Bela.

344 4615 405 4676 (111.
420 4614 510 4666 Eudra
524 4611 668 4679 kirtlynalr
681 4611 791 4660 taso-ni
807 4606 966 4675 magerdsitd
976 4607 1119 4678 olrmdnye,
1133 4616 1203 4666 mint
1220 4617 1334 4671 seutsbb
1350 4623 1376 4673 2.
1391 4638 1431 4678 az.
1448 4625 1488 4690 a.)

1602 414 1606 501 l

1602 548 1606 583 l

1603 602 1606 671 l
