3124 5194
912 353 979 420 250

852 439 1018 456 *—

369 555 609 637 procuratorem
624 555 765 616 nostrum
792 553 923 617 nomine
946 571 1007 618 suo
1031 557 1064 616 et
1086 555 1205 636 nostro,
1233 557 1271 616 ut
1299 547 1488 636 premittitur,

367 660 465 744 taeta,
482 678 555 726 cum
570 659 733 724 instancia
749 659 906 742 requisiti.
923 658 982 725 Oui
999 659 1129 743 quidem
1155 656 1413 740 renunciacioni,
1428 677 1490 743 per·

249 815 255 838 r
367 767 515 835 missioni
546 771 579 831 et
610 763 757 851 cessioni,
788 765 874 833 sicut
904 785 964 833 neo
989 785 1174 853 possumus,
1200 764 1254 833 ita
1279 765 1385 831 eciam
1410 765 1489 832 nolu·
1560 759 1561 764 ’

369 897 439 943 mus
455 877 488 944 in
506 876 616 959 aliquo
632 874 811 959 contraim3
829 875 888 942 sed
902 875 1056 959 quicquid
1079 896 1138 961 per
1162 872 1311 942 eundem
1337 871 1489 942 domiuum

367 986 403 1050 B.
423 985 616 1070 Episcopum
632 989 666 1050 et
680 989 922 1068 procuratorem
937 990 1092 1068 nostrum,
1109 1003 1166 1050 suo
1182 989 1215 1049 et
1245 987 1362 1048 nostro
1373 981 1491 1052 nominc

367 1092 565 1177 factumest,
584 1088 765 1176 laudamus,
782 1091 1000 1176 approbamus
1026 1097 1059 1156 et
1073 1090 1299 1175 promittimus
1325 1089 1387 1156 sub
1411 1091 1492 1174 penis

366 1199 519 1287 predictis
534 1199 667 1264 firmiter
683 1205 715 1263 ct
732 1198 766 1263 iu
782 1205 971 1283 perpetuum
987 1200 1170 1265 obseruare.
1202 1198 1243 1264 In
1261 1199 1358 1264 cuius
1375 1197 1421 1263 rei
1436 1197 1492 1280 sig-

367 1329 443 1374 num
461 1317 492 1374 et
509 1305 703 1388 memoriam,
721 1326 761 1371 ac
776 1306 961 1373 firmitatem
973 1311 1173 1392 perpetuam,
1190 1307 1347 1390 sigillum
1358 1312 1493 1372 nostrum

367 1416 572 1503 presentibus
598 1421 648 1481 ost
664 1415 859 1502 appositum.
877 1417 993 1482 Actum
1009 1425 1042 1482 et
1066 1415 1179 1482 datum
1194 1415 1229 1482 in
1257 1414 1392 1482 ootauis
1416 1412 1494 1480 festi·

367 1525 476 1592 uitatis
493 1523 586 1591 Beati
611 1523 729 1591 Jacobi
745 1524 896 1608 Apostoli
921 1543 1007 1591 anno
1021 1517 1154 1590 Domini
1178 1523 1362 1590 millesimo
1387 1520 1493 1586 ducen-

366 1632 483 1698 tesimo
499 1629 712 1714 nonagesimo
728 1636 831 1698 sexto.

449 1808 497 1876 (An
512 1812 613 1863 eredeti
626 1807 693 1862 utdu
707 1811 803 1864 Knaua
816 1807 927 1863 Ndudor
940 1811 1058 1877 Magyar
1079 1812 1145 1864 Sion
1158 1811 1208 1863 111.
1222 1811 1287 1864 ket.
1304 1811 1368 1860 940.
1384 1806 1413 1873 l.)

825 2062 1034 2073 m

887 2530 963 2598 loo.

363 2731 427 2796 ΙΙΙ.
437 2730 725 2814 Eadrekirdlyouk
735 2731 887 2795 Belmuru
897 2731 1049 2814 belpaepet
1066 2732 1226 2816 tdrpyazd
1241 2732 1429 2815 odama'apo
1439 2727 1485 2792 Ist-

488 2879 491 2884 ·
515 2843 578 2903 odo
595 2837 861 2921 messembriam
877 2861 977 2905 comes
984 2839 1038 2920 fio
1061 2843 1222 2904 caducam.
1240 2839 1345 2905 1297.

468 3032 615 3102 Andreas
631 3033 693 3100 Dei
703 3035 816 3118 gracia
832 3035 1201 3120 Huugarie,Dalmaoie,
1212 3035 1362 3119 Groaoie,
1387 3033 1486 3110 Reme,

362 3142 485 3229 Seruie,
504 3139 868 3226 Gallicie,Lodomerie,
897 3137 1065 3222 Cumania,
1094 3141 1308 3226 Bulgarieque
1333 3143 1404 3210 Rex
1426 3159 1483 3203 om·

362 3251 458 3316 nibus
478 3250 597 3316 Christi
609 3251 760 3316 fidelibus
776 3255 842 3316 tam
854 3247 1056 3335 presentibus
1066 3267 1163 3332 quam
1177 3249 1294 3318 futuris
1304 3251 1443 3318 salutem
1458 3245 1485 3308 iu

362 3359 505 3427 omnium
521 3357 846 3440 saluatorebegiam
863 3354 955 3423 decet
964 3356 1167 3422 Maiestatem
1199 3357 1352 3441 precibus
1381 3355 1483 3424 conde·

363 3467 518 3536 scandere
535 3467 734 3534 subditorum
750 3465 888 3550 optstls3
906 3465 1018 3530 horum
1028 3464 1180 3552 maxime,
1193 3469 1248 3551 qui
1265 3467 1330 3534 sibi
1348 3475 1482 3550 tempore

361 3583 519 3660 oportuno
537 3575 827 3656 commendabilem
843 3575 1035 3642 famulatum
1052 3574 1084 3639 in
1104 3573 1230 3642 feruore
1244 3575 1417 3642 fidelitatis
1439 3572 1478 3636 in·

359 3682 514 3770 pendisse
532 3682 749 3750 dinoscuntur.
767 3682 908 3750 Proinde
925 3683 967 3749 ad
987 3683 1206 3749 uniuersorum
1215 3683 1372 3750 noticiam
1382 3689 1480 3748 tenore

360 3795 561 3877 presencium
579 3793 725 3860 volumus
740 3795 929 3875 peruenire:
945 3793 1033 3874 quod
1044 3791 1201 3873 Magister
1211 3791 1397 3877 Stephanus
1408 3788 1479 3856 filim

361 3897 494 3967 Comitis
505 3899 646 3967 Hoholdi
659 3901 773 3968 Comes
783 3899 1013 3967 Borosdiensis
1026 3898 1111 3987 (tgy)
1125 3900 1265 3967 dilectus
1274 3908 1307 3967 et
1316 3899 1482 3968 fidelisuo·

359 4014 425 4072 ster
435 4007 477 4072 ad
487 4015 630 4075 nostram
647 4007 807 4074 accedens
822 4005 1199 4093 presenciam,quandam
1210 4013 1330 4074 terram
1341 4028 1399 4075 sou
1413 4025 1474 4090 pos·

361 4116 538 4183 sessionem
566 4116 720 4182 Belmura
735 4121 886 4180 uocatam
905 4117 936 4179 in
954 4114 1238 4184 domitatucastri
1269 4116 1393 4202 Ferrey
1416 4111 1472 4180 cxi·

359 4229 614 4309 stentem,super
629 4243 714 4307 quae
725 4223 845 4289 colosis
854 4223 887 4288 in
898 4221 1023 4288 bonore
1032 4223 1144 4290 Sancti
1154 4221 1294 4307 Niooiay
1304 4223 1475 4290 constructa

360 4351 433 4400 esse
444 4330 727 4414 dicitur,tanquam
739 4349 830 4396 suam
842 4347 913 4396 esse
923 4328 1250 4412 hereditariamptau
1266 4329 1339 4418 ipso
1349 4328 1476 4396 indebite

357 4440 547 4523 alienatam,
564 4459 586 4504 e
600 4439 697 4505 nobis
714 4437 776 4506 sibi
793 4436 864 4503 dari
881 4445 913 4504 et
929 4437 1056 4507 restitui
1071 4438 1261 4523 postulauit.
1278 4440 1397 4508 Verum
1407 4434 1472 4520 quis

357 4547 398 4614 de
408 4548 569 4630 qualitate
580 4553 612 4611 et
627 4548 810 4630 quantitate
828 4547 912 4614 dicte
923 4553 1009 4613 terre
1025 4567 1081 4616 scu
1098 4549 1314 4632 possessionis
1331 4549 1471 4616 nobism-

360 4657 442 4724 ritas
461 4675 525 4722 nou
552 4657 737 4740 constabat,
765 4661 880 4741 utrum,
907 4663 1018 4723 nostre
1043 4657 1213 4724 collacioni
1239 4657 1400 4742 pertineat
1421 4667 1471 4716 nco
