<?xml version="1.0" encoding="UTF-8"?>
<!DOCTYPE html PUBLIC "-//W3C//DTD XHTML 1.0 Transitional//EN"
    "http://www.w3.org/TR/xhtml1/DTD/xhtml1-transitional.dtd">
<html xmlns="http://www.w3.org/1999/xhtml" xml:lang="en" lang="en">
 <head>
  <title>
</title>
<meta http-equiv="Content-Type" content="text/html;charset=utf-8" />
  <meta name='ocr-system' content='tesseract 3.04.00' />
  <meta name='ocr-capabilities' content='ocr_page ocr_carea ocr_par ocr_line ocrx_word'/>
</head>
<body>
  <div class='ocr_page' id='page_1' title='image "./codexdiplomatic03wenzgoog_0167.png"; bbox 0 0 3132 5192; ppageno 0'>
   <div class='ocr_carea' id='block_1_1' title="bbox 56 471 1179 593">
    <p class='ocr_par' dir='ltr' id='par_1_1' title="bbox 56 471 1179 593">
     <span class='ocr_line' id='line_1_1' title="bbox 56 471 1179 593; baseline 0.012 -23"><span class='ocrx_word' id='word_1_1' title='bbox 56 505 148 570; x_wconf 85' lang='lat' dir='ltr'><strong>rostri</strong></span> <span class='ocrx_word' id='word_1_2' title='bbox 165 505 346 573; x_wconf 86' lang='lat' dir='ltr'><strong>munimine</strong></span> <span class='ocrx_word' id='word_1_3' title='bbox 375 507 556 574; x_wconf 84' lang='lat' dir='ltr'><strong>roboratas.</strong></span> <span class='ocrx_word' id='word_1_4' title='bbox 576 512 696 576; x_wconf 88' lang='lat' dir='ltr'><strong>Datum</strong></span> <span class='ocrx_word' id='word_1_5' title='bbox 721 516 833 593; x_wconf 87' lang='lat' dir='ltr'><strong>quarto</strong></span> <span class='ocrx_word' id='word_1_6' title='bbox 857 531 960 580; x_wconf 87' lang='lat' dir='ltr'><strong>nonas</strong></span> <span class='ocrx_word' id='word_1_7' title='bbox 986 471 1179 584; x_wconf 74' lang='lat' dir='ltr'><strong>Nouembris</strong></span> 
     </span>
    </p>
   </div>
   <div class='ocr_carea' id='block_1_2' title="bbox 53 613 1303 791">
    <p class='ocr_par' dir='ltr' id='par_1_2' title="bbox 53 613 1303 791">
     <span class='ocr_line' id='line_1_2' title="bbox 54 613 1303 705; baseline 0.011 -29"><span class='ocrx_word' id='word_1_8' title='bbox 54 631 133 679; x_wconf 85' lang='lat' dir='ltr'><strong>auno</strong></span> <span class='ocrx_word' id='word_1_9' title='bbox 151 613 287 678; x_wconf 85' lang='lat' dir='ltr'>Domini</span> <span class='ocrx_word' id='word_1_10' title='bbox 313 614 434 682; x_wconf 79' lang='lat' dir='ltr'><strong>M⁰GG⁰</strong></span> <span class='ocrx_word' id='word_1_11' title='bbox 459 619 670 701; x_wconf 83' lang='lat' dir='ltr'><strong>nonagesimo</strong></span> <span class='ocrx_word' id='word_1_12' title='bbox 695 619 809 685; x_wconf 88' lang='lat' dir='ltr'><strong>tercio.</strong></span> <span class='ocrx_word' id='word_1_13' title='bbox 834 620 991 705; x_wconf 85' lang='lat' dir='ltr'><strong>Magistro</strong></span> <span class='ocrx_word' id='word_1_14' title='bbox 1018 621 1178 692; x_wconf 78' lang='lat' dir='ltr'><strong>Farkasio</strong></span> <span class='ocrx_word' id='word_1_15' title='bbox 1253 675 1256 682; x_wconf 23' lang='grc' dir='ltr'><strong><em>Δ</em></strong></span> <span class='ocrx_word' id='word_1_16' title='bbox 1300 685 1303 690; x_wconf 91' lang='grc'><em>,</em></span> 
     </span>
     <span class='ocr_line' id='line_1_3' title="bbox 53 719 1199 791; baseline 0.01 -7"><span class='ocrx_word' id='word_1_17' title='bbox 53 719 180 785; x_wconf 75' lang='lat' dir='ltr'><strong>tectore</strong></span> <span class='ocrx_word' id='word_1_18' title='bbox 200 721 351 789; x_wconf 79' lang='lat' dir='ltr'><strong>Ecclesia</strong></span> <span class='ocrx_word' id='word_1_19' title='bbox 365 729 475 790; x_wconf 84' lang='lat' dir='ltr'><strong>nostre</strong></span> <span class='ocrx_word' id='word_1_20' title='bbox 491 725 659 791; x_wconf 83' lang='lat' dir='ltr'><strong>existente.</strong></span> <span class='ocrx_word' id='word_1_21' title='bbox 1196 741 1199 752; x_wconf 86' lang='lat'>·</span> 
     </span>
    </p>
   </div>
   <div class='ocr_carea' id='block_1_3' title="bbox 4 932 1177 1106">
    <p class='ocr_par' dir='ltr' id='par_1_3' title="bbox 4 932 1177 1106">
     <span class='ocr_line' id='line_1_4' title="bbox 4 932 1177 1010; baseline 0.01 -26"><span class='ocrx_word' id='word_1_22' title='bbox 4 939 5 944; x_wconf 78' lang='grc'>’</span> <span class='ocrx_word' id='word_1_23' title='bbox 55 933 191 1002; x_wconf 76' lang='lat' dir='ltr'><strong>(Eredatie</strong></span> <span class='ocrx_word' id='word_1_24' title='bbox 206 932 386 1003; x_wconf 62' lang='lat' dir='ltr'><strong>btlrhirtytn,</strong></span> <span class='ocrx_word' id='word_1_25' title='bbox 398 935 646 1004; x_wconf 63' lang='lat' dir='ltr'><strong>stiga-violantur</strong></span> <span class='ocrx_word' id='word_1_26' title='bbox 656 939 886 1006; x_wconf 73' lang='lat' dir='ltr'><strong>selyemrsiucron</strong></span> <span class='ocrx_word' id='word_1_27' title='bbox 899 939 984 1009; x_wconf 62' lang='lat' dir='ltr'><strong>stiget</strong></span> <span class='ocrx_word' id='word_1_28' title='bbox 996 939 1177 1010; x_wconf 75' lang='lat' dir='ltr'><strong>pecsetalett3</strong></span> 
     </span>
     <span class='ocr_line' id='line_1_5' title="bbox 361 1027 883 1106; baseline 0.015 -29"><span class='ocrx_word' id='word_1_29' title='bbox 361 1042 378 1077; x_wconf 81' lang='lat' dir='ltr'><strong>a</strong></span> <span class='ocrx_word' id='word_1_30' title='bbox 390 1027 475 1078; x_wconf 74' lang='lat' dir='ltr'><strong>budai</strong></span> <span class='ocrx_word' id='word_1_31' title='bbox 488 1029 539 1080; x_wconf 83' lang='lat' dir='ltr'><strong>kir.</strong></span> <span class='ocrx_word' id='word_1_32' title='bbox 555 1030 681 1106; x_wconf 69' lang='lat' dir='ltr'><strong>kamarat</strong></span> <span class='ocrx_word' id='word_1_33' title='bbox 693 1027 883 1099; x_wconf 75' lang='lat' dir='ltr'><strong>levtlctrbm.)</strong></span> 
     </span>
    </p>
   </div>
   <div class='ocr_carea' id='block_1_4' title="bbox 593 1867 646 1936">
    <p class='ocr_par' dir='ltr' id='par_1_4' title="bbox 593 1867 646 1936">
     <span class='ocr_line' id='line_1_6' title="bbox 593 1867 646 1936; baseline 0.019 -1"><span class='ocrx_word' id='word_1_34' title='bbox 593 1867 646 1936; x_wconf 77' lang='lat'><strong>86.</strong></span> 
     </span>
    </p>
   </div>
   <div class='ocr_carea' id='block_1_5' title="bbox 4 2082 1182 2363">
    <p class='ocr_par' dir='ltr' id='par_1_5' title="bbox 4 2082 1182 2363">
     <span class='ocr_line' id='line_1_7' title="bbox 4 2082 1182 2172; baseline 0.008 -30"><span class='ocrx_word' id='word_1_35' title='bbox 4 2083 5 2086; x_wconf 71' lang='grc'>’</span> <span class='ocrx_word' id='word_1_36' title='bbox 56 2084 84 2142; x_wconf 87' lang='grc' dir='ltr'><strong><em>Α</em></strong></span> <span class='ocrx_word' id='word_1_37' title='bbox 101 2083 227 2168; x_wconf 78' lang='lat' dir='ltr'><strong>secpeai</strong></span> <span class='ocrx_word' id='word_1_38' title='bbox 243 2082 406 2169; x_wconf 74' lang='lat' dir='ltr'><strong>tcpcalac</strong></span> <span class='ocrx_word' id='word_1_39' title='bbox 422 2087 462 2168; x_wconf 75' lang='lat' dir='ltr'><strong>ej</strong></span> <span class='ocrx_word' id='word_1_40' title='bbox 481 2087 617 2170; x_wconf 71' lang='lat' dir='ltr'><strong>peccetje</strong></span> <span class='ocrx_word' id='word_1_41' title='bbox 633 2086 716 2149; x_wconf 77' lang='lat' dir='ltr'><strong>aluit</strong></span> <span class='ocrx_word' id='word_1_42' title='bbox 741 2085 859 2172; x_wconf 82' lang='lat' dir='ltr'><strong>lciadja</strong></span> <span class='ocrx_word' id='word_1_43' title='bbox 883 2087 953 2152; x_wconf 69' lang='lat' dir='ltr'><strong>Vno</strong></span> <span class='ocrx_word' id='word_1_44' title='bbox 968 2089 1182 2152; x_wconf 78' lang='lat' dir='ltr'><strong>Jcluoscomea</strong></span> 
     </span>
     <span class='ocr_line' id='line_1_8' title="bbox 54 2185 1178 2278; baseline 0.007 -30"><span class='ocrx_word' id='word_1_45' title='bbox 54 2187 112 2249; x_wconf 81' lang='lat' dir='ltr'><strong>uek</strong></span> <span class='ocrx_word' id='word_1_46' title='bbox 131 2185 389 2274; x_wconf 75' lang='lat' dir='ltr'><strong>Thorlcwfcildct</strong></span> <span class='ocrx_word' id='word_1_47' title='bbox 406 2195 559 2275; x_wconf 72' lang='lat' dir='ltr'><strong>ldrqyoec</strong></span> <span class='ocrx_word' id='word_1_48' title='bbox 589 2192 786 2278; x_wconf 69' lang='lat' dir='ltr'><strong>cilencheslt</strong></span> <span class='ocrx_word' id='word_1_49' title='bbox 800 2197 865 2278; x_wconf 83' lang='lat' dir='ltr'><strong>cejc</strong></span> <span class='ocrx_word' id='word_1_50' title='bbox 891 2193 1002 2260; x_wconf 75' lang='lat' dir='ltr'><strong>Simon</strong></span> <span class='ocrx_word' id='word_1_51' title='bbox 1017 2196 1178 2260; x_wconf 74' lang='lat' dir='ltr'><strong>cedmcira.</strong></span> 
     </span>
     <span class='ocr_line' id='line_1_9' title="bbox 603 2299 701 2363; baseline 0 -1"><span class='ocrx_word' id='word_1_52' title='bbox 603 2299 701 2363; x_wconf 82' lang='lat'><strong><em>1293.</em></strong></span> 
     </span>
    </p>
   </div>
   <div class='ocr_carea' id='block_1_6' title="bbox 336 2457 916 2527">
    <p class='ocr_par' dir='ltr' id='par_1_6' title="bbox 336 2457 916 2527">
     <span class='ocr_line' id='line_1_10' title="bbox 336 2457 916 2527; baseline 0.01 -6"><span class='ocrx_word' id='word_1_53' title='bbox 336 2457 366 2521; x_wconf 82' lang='lat' dir='ltr'>A</span> <span class='ocrx_word' id='word_1_54' title='bbox 604 2459 631 2523; x_wconf 93' lang='lat' dir='ltr'>B</span> <span class='ocrx_word' id='word_1_55' title='bbox 891 2461 916 2527; x_wconf 82' lang='lat'>0</span> 
     </span>
    </p>
   </div>
   <div class='ocr_carea' id='block_1_7' title="bbox 4 2651 1189 4683">
    <p class='ocr_par' dir='ltr' id='par_1_7' title="bbox 4 2651 1188 4574">
     <span class='ocr_line' id='line_1_11' title="bbox 161 2651 1183 2742; baseline 0.006 -25"><span class='ocrx_word' id='word_1_56' title='bbox 161 2651 350 2738; x_wconf 81' lang='lat' dir='ltr'>Capitulum</span> <span class='ocrx_word' id='word_1_57' title='bbox 367 2653 511 2720; x_wconf 82' lang='lat' dir='ltr'><strong>Ecclesic</strong></span> <span class='ocrx_word' id='word_1_58' title='bbox 527 2653 620 2720; x_wconf 86' lang='lat' dir='ltr'><strong>Beati</strong></span> <span class='ocrx_word' id='word_1_59' title='bbox 645 2654 776 2720; x_wconf 87' lang='lat' dir='ltr'><strong>Martini</strong></span> <span class='ocrx_word' id='word_1_60' title='bbox 808 2655 849 2721; x_wconf 90' lang='lat' dir='ltr'><strong>dc</strong></span> <span class='ocrx_word' id='word_1_61' title='bbox 879 2655 1003 2742; x_wconf 85' lang='lat' dir='ltr'><strong>Scepus</strong></span> <span class='ocrx_word' id='word_1_62' title='bbox 1035 2657 1183 2723; x_wconf 87' lang='lat' dir='ltr'><strong>omnibus</strong></span> 
     </span>
     <span class='ocr_line' id='line_1_12' title="bbox 59 2755 1180 2848; baseline 0.008 -28"><span class='ocrx_word' id='word_1_63' title='bbox 59 2755 174 2826; x_wconf 78' lang='lat' dir='ltr'><strong>Christi</strong></span> <span class='ocrx_word' id='word_1_64' title='bbox 190 2760 344 2828; x_wconf 88' lang='lat' dir='ltr'><strong>fidelibus</strong></span> <span class='ocrx_word' id='word_1_65' title='bbox 370 2761 574 2848; x_wconf 78' lang='lat' dir='ltr'>presentibus</span> <span class='ocrx_word' id='word_1_66' title='bbox 601 2767 633 2827; x_wconf 89' lang='lat' dir='ltr'><strong>et</strong></span> <span class='ocrx_word' id='word_1_67' title='bbox 656 2763 774 2828; x_wconf 88' lang='lat' dir='ltr'><strong>futuris</strong></span> <span class='ocrx_word' id='word_1_68' title='bbox 798 2763 1001 2846; x_wconf 88' lang='lat' dir='ltr'><strong>presencium</strong></span> <span class='ocrx_word' id='word_1_69' title='bbox 1027 2766 1180 2830; x_wconf 78' lang='lat' dir='ltr'><strong>noticiam</strong></span> 
     </span>
     <span class='ocr_line' id='line_1_13' title="bbox 60 2866 1185 2947; baseline 0.007 -17"><span class='ocrx_word' id='word_1_70' title='bbox 60 2866 217 2934; x_wconf 81' lang='lat' dir='ltr'><strong>habituris</strong></span> <span class='ocrx_word' id='word_1_71' title='bbox 242 2870 378 2936; x_wconf 83' lang='lat' dir='ltr'><strong>sulutem</strong></span> <span class='ocrx_word' id='word_1_72' title='bbox 404 2869 438 2936; x_wconf 88' lang='lat' dir='ltr'><strong>iu</strong></span> <span class='ocrx_word' id='word_1_73' title='bbox 469 2869 609 2935; x_wconf 91' lang='lat' dir='ltr'><strong>omnium</strong></span> <span class='ocrx_word' id='word_1_74' title='bbox 641 2871 811 2936; x_wconf 85' lang='lat' dir='ltr'><strong>saluatorc.</strong></span> <span class='ocrx_word' id='word_1_75' title='bbox 843 2868 1001 2947; x_wconf 82' lang='lat' dir='ltr'><strong>Quoniam</strong></span> <span class='ocrx_word' id='word_1_76' title='bbox 1032 2873 1185 2940; x_wconf 86' lang='lat' dir='ltr'><strong>memorie</strong></span> 
     </span>
     <span class='ocr_line' id='line_1_14' title="bbox 4 2974 1186 3065; baseline 0.005 -27"><span class='ocrx_word' id='word_1_77' title='bbox 4 3037 6 3058; x_wconf 57' lang='lat'><em>,</em></span> <span class='ocrx_word' id='word_1_78' title='bbox 60 2983 249 3042; x_wconf 85' lang='lat' dir='ltr'><strong>nouercatur</strong></span> <span class='ocrx_word' id='word_1_79' title='bbox 265 2977 398 3064; x_wconf 88' lang='lat' dir='ltr'><strong>obliuio,</strong></span> <span class='ocrx_word' id='word_1_80' title='bbox 416 2974 625 3064; x_wconf 69' lang='lat' dir='ltr'><strong>dignumst,</strong></span> <span class='ocrx_word' id='word_1_81' title='bbox 642 2983 678 3042; x_wconf 86' lang='lat' dir='ltr'><strong>ut</strong></span> <span class='ocrx_word' id='word_1_82' title='bbox 693 2977 782 3043; x_wconf 90' lang='lat' dir='ltr'><strong>dicta</strong></span> <span class='ocrx_word' id='word_1_83' title='bbox 798 2979 1024 3061; x_wconf 78' lang='lat' dir='ltr'><strong>temporaliter</strong></span> <span class='ocrx_word' id='word_1_84' title='bbox 1050 2981 1186 3065; x_wconf 89' lang='lat' dir='ltr'><strong>scriptu-</strong></span> 
     </span>
     <span class='ocr_line' id='line_1_15' title="bbox 4 3081 1185 3170; baseline 0.008 -25"><span class='ocrx_word' id='word_1_85' title='bbox 4 3081 5 3146; x_wconf 83' lang='lat' dir='ltr'><strong>i</strong></span> <span class='ocrx_word' id='word_1_86' title='bbox 60 3101 161 3150; x_wconf 83' lang='lat' dir='ltr'><strong>rarum</strong></span> <span class='ocrx_word' id='word_1_87' title='bbox 179 3084 364 3170; x_wconf 88' lang='lat' dir='ltr'><strong>patrocinio</strong></span> <span class='ocrx_word' id='word_1_88' title='bbox 381 3083 563 3151; x_wconf 80' lang='lat' dir='ltr'><strong>fulciantur.</strong></span> <span class='ocrx_word' id='word_1_89' title='bbox 580 3085 721 3150; x_wconf 80' lang='lat' dir='ltr'><strong>Proinde</strong></span> <span class='ocrx_word' id='word_1_90' title='bbox 736 3083 779 3150; x_wconf 87' lang='lat' dir='ltr'><strong>ad</strong></span> <span class='ocrx_word' id='word_1_91' title='bbox 795 3085 1015 3152; x_wconf 83' lang='lat' dir='ltr'><strong>uniuersorum</strong></span> <span class='ocrx_word' id='word_1_92' title='bbox 1032 3086 1185 3154; x_wconf 79' lang='lat' dir='ltr'><strong>noticiam</strong></span> 
     </span>
     <span class='ocr_line' id='line_1_16' title="bbox 20 3189 1187 3277; baseline 0.003 -22.959"><span class='ocrx_word' id='word_1_93' title='bbox 4 3217 27 3266; x_wconf 82' lang='lat'><strong>3,</strong></span> <span class='ocrx_word' id='word_1_94' title='bbox 61 3189 170 3257; x_wconf 86' lang='lat' dir='ltr'><strong>harum</strong></span> <span class='ocrx_word' id='word_1_95' title='bbox 183 3193 270 3260; x_wconf 89' lang='lat' dir='ltr'><strong>serie</strong></span> <span class='ocrx_word' id='word_1_96' title='bbox 285 3193 433 3258; x_wconf 89' lang='lat' dir='ltr'><strong>uolumus</strong></span> <span class='ocrx_word' id='word_1_97' title='bbox 451 3194 641 3277; x_wconf 88' lang='lat' dir='ltr'><strong>peruenire:</strong></span> <span class='ocrx_word' id='word_1_98' title='bbox 659 3191 832 3275; x_wconf 89' lang='lat' dir='ltr'><strong>quodcum</strong></span> <span class='ocrx_word' id='word_1_99' title='bbox 849 3191 883 3256; x_wconf 93' lang='lat' dir='ltr'><strong>in</strong></span> <span class='ocrx_word' id='word_1_100' title='bbox 909 3191 1109 3276; x_wconf 87' lang='lat' dir='ltr'><strong>spoliacione</strong></span> <span class='ocrx_word' id='word_1_101' title='bbox 1136 3211 1187 3258; x_wconf 89' lang='lat' dir='ltr'><strong>eo·</strong></span> 
     </span>
     <span class='ocr_line' id='line_1_17' title="bbox 62 3296 1184 3392; baseline 0.004 -32"><span class='ocrx_word' id='word_1_102' title='bbox 62 3297 153 3364; x_wconf 87' lang='lat' dir='ltr'><strong>clesie</strong></span> <span class='ocrx_word' id='word_1_103' title='bbox 169 3303 280 3366; x_wconf 87' lang='lat' dir='ltr'><strong>nostre</strong></span> <span class='ocrx_word' id='word_1_104' title='bbox 297 3303 473 3366; x_wconf 82' lang='lat' dir='ltr'><strong>memorate</strong></span> <span class='ocrx_word' id='word_1_105' title='bbox 497 3319 555 3384; x_wconf 88' lang='lat' dir='ltr'><strong>per</strong></span> <span class='ocrx_word' id='word_1_106' title='bbox 584 3296 830 3364; x_wconf 82' lang='lat' dir='ltr'><strong>Serenissimum</strong></span> <span class='ocrx_word' id='word_1_107' title='bbox 862 3299 985 3381; x_wconf 80' lang='lat' dir='ltr'><strong>Regem</strong></span> <span class='ocrx_word' id='word_1_108' title='bbox 1017 3299 1184 3392; x_wconf 83' lang='lat' dir='ltr'><strong>Hungeric</strong></span> 
     </span>
     <span class='ocr_line' id='line_1_18' title="bbox 4 3405 1185 3492; baseline 0 -20"><span class='ocrx_word' id='word_1_109' title='bbox 4 3443 5 3446; x_wconf 60' lang='lat'><em>=</em></span> <span class='ocrx_word' id='word_1_110' title='bbox 61 3405 249 3474; x_wconf 83' lang='lat' dir='ltr'><strong>Ladizlaum</strong></span> <span class='ocrx_word' id='word_1_111' title='bbox 266 3414 298 3474; x_wconf 85' lang='lat' dir='ltr'><strong>ct</strong></span> <span class='ocrx_word' id='word_1_112' title='bbox 314 3427 389 3474; x_wconf 91' lang='lat' dir='ltr'><strong>suos</strong></span> <span class='ocrx_word' id='word_1_113' title='bbox 405 3408 574 3492; x_wconf 84' lang='lat' dir='ltr'><strong>Ncugares</strong></span> <span class='ocrx_word' id='word_1_114' title='bbox 589 3406 685 3474; x_wconf 83' lang='lat' dir='ltr'><strong>illata</strong></span> <span class='ocrx_word' id='word_1_115' title='bbox 701 3408 784 3472; x_wconf 82' lang='lat' dir='ltr'><strong>inter</strong></span> <span class='ocrx_word' id='word_1_116' title='bbox 795 3406 938 3492; x_wconf 86' lang='lat' dir='ltr'><strong>dampna</strong></span> <span class='ocrx_word' id='word_1_117' title='bbox 948 3407 1185 3492; x_wconf 88' lang='lat' dir='ltr'><strong>quamplurima</strong></span> 
     </span>
     <span class='ocr_line' id='line_1_19' title="bbox 4 3509 1186 3601; baseline -0.003 -19"><span class='ocrx_word' id='word_1_118' title='bbox 4 3513 5 3582; x_wconf 68' lang='grc' dir='ltr'>ᾗ</span> <span class='ocrx_word' id='word_1_119' title='bbox 63 3509 202 3594; x_wconf 71' lang='lat' dir='ltr'><strong>sigillum</strong></span> <span class='ocrx_word' id='word_1_120' title='bbox 219 3521 365 3580; x_wconf 89' lang='lat' dir='ltr'><strong>nostrum</strong></span> <span class='ocrx_word' id='word_1_121' title='bbox 381 3512 584 3600; x_wconf 88' lang='lat' dir='ltr'><strong>deperditum</strong></span> <span class='ocrx_word' id='word_1_122' title='bbox 609 3511 724 3580; x_wconf 85' lang='lat' dir='ltr'><strong>fuisset</strong></span> <span class='ocrx_word' id='word_1_123' title='bbox 750 3520 781 3580; x_wconf 90' lang='lat' dir='ltr'><strong>et</strong></span> <span class='ocrx_word' id='word_1_124' title='bbox 806 3513 960 3601; x_wconf 87' lang='lat' dir='ltr'><strong>ablatum,</strong></span> <span class='ocrx_word' id='word_1_125' title='bbox 988 3519 1020 3580; x_wconf 86' lang='lat' dir='ltr'><strong>et</strong></span> <span class='ocrx_word' id='word_1_126' title='bbox 1045 3535 1104 3582; x_wconf 90' lang='lat' dir='ltr'><strong>nos</strong></span> <span class='ocrx_word' id='word_1_127' title='bbox 1128 3514 1186 3580; x_wconf 91' lang='lat' dir='ltr'><strong>iui-</strong></span> 
     </span>
     <span class='ocr_line' id='line_1_20' title="bbox 4 3620 1184 3710; baseline 0.005 -26"><span class='ocrx_word' id='word_1_128' title='bbox 4 3639 6 3684; x_wconf 67' lang='lat'><em>5</em></span> <span class='ocrx_word' id='word_1_129' title='bbox 61 3639 190 3704; x_wconf 87' lang='lat' dir='ltr'><strong>quorum</strong></span> <span class='ocrx_word' id='word_1_130' title='bbox 205 3620 431 3689; x_wconf 82' lang='lat' dir='ltr'><strong>fraudulentas</strong></span> <span class='ocrx_word' id='word_1_131' title='bbox 447 3621 748 3710; x_wconf 84' lang='lat' dir='ltr'><strong>calumpuiositates</strong></span> <span class='ocrx_word' id='word_1_132' title='bbox 765 3621 918 3706; x_wconf 89' lang='lat' dir='ltr'><strong>equitatis</strong></span> <span class='ocrx_word' id='word_1_133' title='bbox 933 3623 1063 3689; x_wconf 85' lang='lat' dir='ltr'><strong>tramite</strong></span> <span class='ocrx_word' id='word_1_134' title='bbox 1080 3627 1184 3690; x_wconf 87' lang='lat' dir='ltr'><strong>retun-</strong></span> 
     </span>
     <span class='ocr_line' id='line_1_21' title="bbox 4 3725 1184 3817; baseline 0.003 -24"><span class='ocrx_word' id='word_1_135' title='bbox 4 3733 6 3810; x_wconf 78' lang='grc' dir='ltr'><strong>ξ</strong></span> <span class='ocrx_word' id='word_1_136' title='bbox 63 3725 135 3795; x_wconf 84' lang='lat' dir='ltr'><strong>dere</strong></span> <span class='ocrx_word' id='word_1_137' title='bbox 151 3727 330 3816; x_wconf 79' lang='lat' dir='ltr'><strong>cupientes,</strong></span> <span class='ocrx_word' id='word_1_138' title='bbox 347 3731 488 3796; x_wconf 90' lang='lat' dir='ltr'><strong>omnium</strong></span> <span class='ocrx_word' id='word_1_139' title='bbox 504 3749 661 3815; x_wconf 80' lang='lat' dir='ltr'><strong>generum</strong></span> <span class='ocrx_word' id='word_1_140' title='bbox 676 3729 803 3797; x_wconf 85' lang='lat' dir='ltr'><strong>litteras</strong></span> <span class='ocrx_word' id='word_1_141' title='bbox 819 3732 878 3798; x_wconf 92' lang='lat' dir='ltr'><strong>sub</strong></span> <span class='ocrx_word' id='word_1_142' title='bbox 895 3731 966 3817; x_wconf 90' lang='lat' dir='ltr'><strong>ipso</strong></span> <span class='ocrx_word' id='word_1_143' title='bbox 992 3731 1103 3814; x_wconf 87' lang='lat' dir='ltr'><strong>sigillo</strong></span> <span class='ocrx_word' id='word_1_144' title='bbox 1130 3750 1184 3797; x_wconf 93' lang='lat' dir='ltr'><strong>no-</strong></span> 
     </span>
     <span class='ocr_line' id='line_1_22' title="bbox 4 3823 1187 3924; baseline 0.003 -25"><span class='ocrx_word' id='word_1_145' title='bbox 4 3823 5 3826; x_wconf 48' lang='lat'>&#39;</span> <span class='ocrx_word' id='word_1_146' title='bbox 63 3839 125 3900; x_wconf 89' lang='lat' dir='ltr'><strong>stro</strong></span> <span class='ocrx_word' id='word_1_147' title='bbox 139 3836 311 3922; x_wconf 85' lang='lat' dir='ltr'><strong>deperdito</strong></span> <span class='ocrx_word' id='word_1_148' title='bbox 328 3837 539 3924; x_wconf 77' lang='lat' dir='ltr'><strong>conscriptas,</strong></span> <span class='ocrx_word' id='word_1_149' title='bbox 565 3857 627 3921; x_wconf 88' lang='lat' dir='ltr'><strong>que</strong></span> <span class='ocrx_word' id='word_1_150' title='bbox 642 3837 718 3904; x_wconf 91' lang='lat' dir='ltr'><strong>noui</strong></span> <span class='ocrx_word' id='word_1_151' title='bbox 743 3837 845 3904; x_wconf 81' lang='lat' dir='ltr'><strong>nostri</strong></span> <span class='ocrx_word' id='word_1_152' title='bbox 870 3835 972 3920; x_wconf 79' lang='lat' dir='ltr'><strong>sigilli</strong></span> <span class='ocrx_word' id='word_1_153' title='bbox 1004 3837 1187 3904; x_wconf 87' lang='lat' dir='ltr'><strong>testimonio</strong></span> 
     </span>
     <span class='ocr_line' id='line_1_23' title="bbox 66 3944 1187 4033; baseline -0.002 -22"><span class='ocrx_word' id='word_1_154' title='bbox 66 3952 217 4011; x_wconf 83' lang='lat' dir='ltr'><strong>renouato</strong></span> <span class='ocrx_word' id='word_1_155' title='bbox 232 3965 298 4012; x_wconf 91' lang='lat' dir='ltr'><strong>nou</strong></span> <span class='ocrx_word' id='word_1_156' title='bbox 311 3944 460 4033; x_wconf 83' lang='lat' dir='ltr'><strong>luissent,</strong></span> <span class='ocrx_word' id='word_1_157' title='bbox 475 3947 636 4030; x_wconf 88' lang='lat' dir='ltr'><strong>premissa</strong></span> <span class='ocrx_word' id='word_1_158' title='bbox 646 3945 907 4032; x_wconf 85' lang='lat' dir='ltr'><strong>proclamacionc</strong></span> <span class='ocrx_word' id='word_1_159' title='bbox 918 3945 1187 4030; x_wconf 84' lang='lat' dir='ltr'><strong>publicaviribus</strong></span> 
     </span>
     <span class='ocr_line' id='line_1_24' title="bbox 66 4050 1188 4139; baseline -0.001 -24"><span class='ocrx_word' id='word_1_160' title='bbox 66 4059 218 4119; x_wconf 77' lang='lat' dir='ltr'><strong>uacuatos</strong></span> <span class='ocrx_word' id='word_1_161' title='bbox 233 4053 437 4120; x_wconf 87' lang='lat' dir='ltr'><strong>reuocandas</strong></span> <span class='ocrx_word' id='word_1_162' title='bbox 453 4051 710 4121; x_wconf 88' lang='lat' dir='ltr'><strong>decreuissemus</strong></span> <span class='ocrx_word' id='word_1_163' title='bbox 728 4053 771 4120; x_wconf 86' lang='lat' dir='ltr'><strong>ad</strong></span> <span class='ocrx_word' id='word_1_164' title='bbox 787 4055 968 4139; x_wconf 89' lang='lat' dir='ltr'><strong>cautelam;</strong></span> <span class='ocrx_word' id='word_1_165' title='bbox 1004 4051 1122 4119; x_wconf 89' lang='lat' dir='ltr'><strong>nobilis</strong></span> <span class='ocrx_word' id='word_1_166' title='bbox 1137 4050 1188 4116; x_wconf 90' lang='lat' dir='ltr'><strong>vir</strong></span> 
     </span>
     <span class='ocr_line' id='line_1_25' title="bbox 68 4159 1187 4248; baseline -0.003 -22"><span class='ocrx_word' id='word_1_167' title='bbox 68 4159 184 4244; x_wconf 79' lang='lat' dir='ltr'><strong>Symon</strong></span> <span class='ocrx_word' id='word_1_168' title='bbox 203 4181 305 4246; x_wconf 81' lang='lat' dir='ltr'><strong>gener</strong></span> <span class='ocrx_word' id='word_1_169' title='bbox 321 4160 456 4230; x_wconf 79' lang='lat' dir='ltr'><strong>Comitis</strong></span> <span class='ocrx_word' id='word_1_170' title='bbox 472 4163 535 4228; x_wconf 90' lang='lat' dir='ltr'><strong>Jau</strong></span> <span class='ocrx_word' id='word_1_171' title='bbox 552 4159 595 4228; x_wconf 83' lang='lat' dir='ltr'><strong>ad</strong></span> <span class='ocrx_word' id='word_1_172' title='bbox 619 4167 764 4230; x_wconf 89' lang='lat' dir='ltr'><strong>nostram</strong></span> <span class='ocrx_word' id='word_1_173' title='bbox 789 4163 1002 4248; x_wconf 83' lang='lat' dir='ltr'><strong>personaliter</strong></span> <span class='ocrx_word' id='word_1_174' title='bbox 1028 4159 1187 4226; x_wconf 87' lang='lat' dir='ltr'><strong>accedens</strong></span> 
     </span>
     <span class='ocr_line' id='line_1_26' title="bbox 4 4267 1186 4356; baseline -0.002 -22"><span class='ocrx_word' id='word_1_175' title='bbox 4 4299 6 4350; x_wconf 76' lang='lat'>2</span> <span class='ocrx_word' id='word_1_176' title='bbox 67 4271 266 4351; x_wconf 83' lang='lat' dir='ltr'><strong>presenciam,</strong></span> <span class='ocrx_word' id='word_1_177' title='bbox 283 4269 432 4338; x_wconf 85' lang='lat' dir='ltr'><strong>exhibuit</strong></span> <span class='ocrx_word' id='word_1_178' title='bbox 457 4269 554 4338; x_wconf 91' lang='lat' dir='ltr'><strong>uobis</strong></span> <span class='ocrx_word' id='word_1_179' title='bbox 567 4271 693 4338; x_wconf 86' lang='lat' dir='ltr'><strong>litteras</strong></span> <span class='ocrx_word' id='word_1_180' title='bbox 719 4277 848 4338; x_wconf 88' lang='lat' dir='ltr'><strong>nostras</strong></span> <span class='ocrx_word' id='word_1_181' title='bbox 873 4269 1100 4356; x_wconf 85' lang='lat' dir='ltr'><strong>priuilegiales</strong></span> <span class='ocrx_word' id='word_1_182' title='bbox 1126 4267 1186 4334; x_wconf 89' lang='lat' dir='ltr'><strong>sub</strong></span> 
     </span>
     <span class='ocr_line' id='line_1_27' title="bbox 68 4378 1185 4465; baseline 0.002 -25"><span class='ocrx_word' id='word_1_183' title='bbox 68 4379 192 4464; x_wconf 85' lang='lat' dir='ltr'><strong>antiquo</strong></span> <span class='ocrx_word' id='word_1_184' title='bbox 210 4385 241 4445; x_wconf 88' lang='lat' dir='ltr'><strong>et</strong></span> <span class='ocrx_word' id='word_1_185' title='bbox 257 4379 425 4465; x_wconf 85' lang='lat' dir='ltr'><strong>deperdito</strong></span> <span class='ocrx_word' id='word_1_186' title='bbox 442 4385 551 4446; x_wconf 88' lang='lat' dir='ltr'><strong>nostro</strong></span> <span class='ocrx_word' id='word_1_187' title='bbox 567 4379 675 4462; x_wconf 88' lang='lat' dir='ltr'><strong>sigillo</strong></span> <span class='ocrx_word' id='word_1_188' title='bbox 692 4385 868 4446; x_wconf 89' lang='lat' dir='ltr'><strong>memorato</strong></span> <span class='ocrx_word' id='word_1_189' title='bbox 885 4378 974 4462; x_wconf 89' lang='lat' dir='ltr'><strong>prius</strong></span> <span class='ocrx_word' id='word_1_190' title='bbox 985 4381 1185 4462; x_wconf 89' lang='lat' dir='ltr'><strong>emanantas‚</strong></span> 
     </span>
     <span class='ocr_line' id='line_1_28' title="bbox 68 4479 1188 4574; baseline 0 -25"><span class='ocrx_word' id='word_1_191' title='bbox 68 4485 223 4555; x_wconf 85' lang='lat' dir='ltr'><strong>humiliter</strong></span> <span class='ocrx_word' id='word_1_192' title='bbox 238 4489 332 4557; x_wconf 88' lang='lat' dir='ltr'><strong>nobis</strong></span> <span class='ocrx_word' id='word_1_193' title='bbox 348 4488 563 4574; x_wconf 85' lang='lat' dir='ltr'><strong>supplicando</strong></span> <span class='ocrx_word' id='word_1_194' title='bbox 589 4493 621 4555; x_wconf 86' lang='lat' dir='ltr'><strong>et</strong></span> <span class='ocrx_word' id='word_1_195' title='bbox 646 4488 773 4574; x_wconf 82' lang='lat' dir='ltr'><strong>deuote,</strong></span> <span class='ocrx_word' id='word_1_196' title='bbox 803 4493 839 4553; x_wconf 92' lang='lat' dir='ltr'><strong>ut</strong></span> <span class='ocrx_word' id='word_1_197' title='bbox 864 4479 994 4554; x_wconf 87' lang='lat' dir='ltr'><strong>easdem</strong></span> <span class='ocrx_word' id='word_1_198' title='bbox 1020 4485 1080 4552; x_wconf 91' lang='lat' dir='ltr'><strong>sub</strong></span> <span class='ocrx_word' id='word_1_199' title='bbox 1110 4483 1188 4552; x_wconf 91' lang='lat' dir='ltr'><strong>noui</strong></span> 
     </span>
    </p>

    <p class='ocr_par' dir='ltr' id='par_1_8' title="bbox 66 4593 1189 4683">
     <span class='ocr_line' id='line_1_29' title="bbox 66 4593 1189 4683; baseline 0.004 -27"><span class='ocrx_word' id='word_1_200' title='bbox 66 4597 156 4662; x_wconf 70' lang='lat' dir='ltr'><strong>nosti</strong></span> <span class='ocrx_word' id='word_1_201' title='bbox 174 4596 275 4683; x_wconf 81' lang='lat' dir='ltr'><strong>sigilli</strong></span> <span class='ocrx_word' id='word_1_202' title='bbox 293 4595 479 4664; x_wconf 88' lang='lat' dir='ltr'><strong>testimonio</strong></span> <span class='ocrx_word' id='word_1_203' title='bbox 495 4597 673 4664; x_wconf 84' lang='lat' dir='ltr'><strong>rescribere</strong></span> <span class='ocrx_word' id='word_1_204' title='bbox 689 4594 879 4682; x_wconf 85' lang='lat' dir='ltr'><strong>faceremus,</strong></span> <span class='ocrx_word' id='word_1_205' title='bbox 897 4593 1072 4682; x_wconf 88' lang='lat' dir='ltr'><strong>eodemque</strong></span> <span class='ocrx_word' id='word_1_206' title='bbox 1096 4613 1189 4662; x_wconf 89' lang='lat' dir='ltr'><strong>reno·</strong></span> 
     </span>
    </p>
   </div>
   <div class='ocr_carea' id='block_1_8' title="bbox 0 0 1580 5192">
    <p class='ocr_par' dir='ltr' id='par_1_9' title="bbox 0 0 1580 5192">
     <span class='ocr_line' id='line_1_30' title="bbox 0 0 1580 5192; baseline 0 0"><span class='ocrx_word' id='word_1_207' title='bbox 0 0 1580 5192; x_wconf 95' lang='lat' dir='ltr'><strong> </strong></span> 
     </span>
    </p>
   </div>
  </div>
 </body>
</html>
