3180 5202
545 410 549 424 ·
623 371 790 474 ..aa

82 567 86 574 “
127 569 277 646 noceta;
296 561 373 630 item
391 562 559 652 Ceparium
575 563 677 634 fllium
695 559 844 634 Sarabos
861 565 896 632 in
920 565 1001 634 uilla
1032 587 1091 635 sna
1121 570 1273 636 Docherlr

128 675 279 754 nooata;
297 669 375 736 item
390 671 596 757 Dyonisium,
611 672 738 758 Buken,
755 674 850 758 Ysac,
883 673 1044 740 'l'homam
1077 682 1110 742 et
1139 673 1272 743 Petrum

127 776 222 844 filios
237 778 334 863 lilley
349 777 384 844 in
399 785 489 846 terra
505 779 649 864 ipsorum
666 775 825 868 Re'dnnk;
841 778 917 848 item
934 781 1060 850 Budam
1077 781 1270 850 seruientem

131 886 296 971 ipsorum,
314 906 353 952 ao
368 887 456 953 Pous
473 905 603 954 seruum
621 887 806 976 eorundem,
822 890 900 956 item
923 888 1036 955 uillam
1068 888 1220 956 Kullrasa
1250 910 1272 955 a

131 993 277 1079 speciali
295 993 336 1060 de
352 992 477 1081 eadem,
494 992 579 1061 Pons
596 1003 628 1062 et
644 995 798 1081 ligidiom
814 995 916 1062 filium
933 997 1012 1084 eius,
1028 1000 1081 1064 cni
1097 997 1175 1064 ville
1204 1003 1271 1064 sta·

22 1099 25 1104 ’
134 1109 232 1170 tuere
249 1101 489 1187 commisisset3
505 1102 586 1170 item
603 1103 792 1172 Ladislaum
809 1101 911 1170 hlium
926 1104 1035 1194 Ecoer,
1052 1104 1096 1172 ad
1125 1109 1269 1170 nostram

129 1208 340 1294 presenciam
357 1206 400 1273 ad
416 1207 598 1293 quindenas
615 1210 708 1277 Beati
725 1210 903 1296 Mychaelis
927 1211 1125 1296 Archangeli
1154 1215 1270 1278 contra

131 1315 276 1381 eundem
293 1315 448 1382 Comitem
464 1317 648 1385 Jchennem
664 1318 839 1386 citauisset.
856 1321 977 1385 Datum
993 1318 1026 1385 in
1042 1319 1125 1386 feria
1149 1337 1265 1385 secun-

130 1422 178 1487 (la
195 1421 374 1506 supradito.
1223 1470 1226 1478 ·

244 1526 399 1595 Kivttl:
424 1527 584 1597 Citatorie
617 1551 675 1616 pro
709 1531 831 1598 Gemite
862 1531 1013 1600 iohanne
1044 1539 1154 1600 contra
1184 1531 1268 1600 tilios

126 1633 270 1702 Granch
287 1641 319 1700 et
335 1635 427 1701 alios.

133 1828 756 1898 (Erodetiebhrhertyltmspensetelrerzett3
777 1851 794 1886 a
817 1850 851 1884 m.
876 1838 903 1888 b.
936 1833 1044 1903 Vicaey
1064 1833 1158 1886 nsslhd
1183 1835 1265 1888 level·

631 1921 768 1988 tArAbon.)

601 2169 811 2181 *-

658 2505 736 2574 elo.

136 2706 380 2790 lhrvepkeztst
394 2707 599 2789 uteremur
617 2679 721 2768 όυάνὶ
737 2705 871 2769 Konrcid
888 2717 999 2770 creater
1016 2709 1049 2771 tia
1065 2705 1264 2768 ordelterrai

126 2835 145 2876 a
162 2813 286 2880 Miletos
303 2811 479 2896 Gpuldnalt
489 2812 542 2894 fla
558 2811 625 2876 loeo
642 2810 766 2874 Zechlee
777 2811 1265 2896 birtcktdrpyctbantrirteaendll

420 2918 648 2982 hircvcilaaatcia
665 2918 765 2980 iterat.
782 2895 966 2982 W
1005 2909 1130 2995 Λὶᾊῖ
1140 2897 1293 2985 iuiM

237 3111 362 3177 Demus
380 3132 437 3198 pro
453 3111 628 3178 memoria:
644 3108 733 3198 quod
750 3127 893 3194 causam,
905 3129 1004 3192 quam
1022 3109 1178 3194 Magister
1188 3109 1264 3174 Cor·

2 3250 7 3260 ·
128 3218 242 3286 raldus
261 3218 346 3285 filius
362 3216 519 3302 Stephani
536 3216 576 3282 de
593 3216 702 3301 Owar,
718 3217 832 3282 Petrus
865 3216 906 3282 de
937 3215 1061 3302 lnslou,
1094 3216 1261 3282 Dionisius

125 3326 215 3392 filius
233 3325 379 3408 Gregori,
396 3324 477 3409 Soyl
493 3322 534 3390 de
552 3321 670 3408 Zecke,
688 3323 887 3388 Laurenoius
905 3322 1036 3408 Caluus,
1056 3329 1088 3388 et
1118 3323 1260 3388 Lauren·

129 3433 202 3500 eius
217 3431 302 3500 filius
318 3431 436 3516 Beche,
454 3429 633 3515 Gregorius
650 3435 682 3495 et
698 3429 888 3513 Stephanus
908 3430 966 3517 filij
984 3429 1092 3497 Beche
1109 3427 1150 3494 de
1165 3427 1262 3494 Both·

1 3529 2 3537 '
125 3539 175 3604 ka
187 3545 302 3606 contra
320 3539 492 3605 Nicolaum
507 3537 609 3606 filium
625 3538 710 3621 Jule,
722 3543 762 3602 -et
785 3537 941 3604 Aradium
968 3536 1144 3604 officialem
1177 3537 1261 3603 eius-

1 3653 2 3664 ’
124 3647 210 3732 dem,
228 3645 401 3713 officialem
418 3645 558 3730 Nicolay
578 3664 676 3732 super
692 3643 780 3711 lacto
812 3645 986 3713 cuiusdam
1019 3651 1102 3712 terre
1133 3643 1264 3710 Zeehlre

2 3749 3 3760 ’
123 3759 241 3818 uocate
258 3753 292 3818 in
311 3752 485 3834 quindenis
503 3751 615 3818 Sancti
633 3751 763 3837 Georgij
782 3751 818 3818 in
834 3755 937 3820 nostri
962 3752 1137 3838 presencia
1166 3752 1263 3820 hahe-

122 3861 215 3943 bant,
232 3879 292 3943 per
309 3859 502 3944 peticionem
520 3861 667 3944 parcium
684 3858 917 3942 abrogauimus
933 3860 977 3925 ad
1005 3857 1174 3925 arbitrium
1200 3860 1263 3923 An-

122 3966 203 4033 dree
220 3965 262 4032 de
277 3966 376 4053 Fyles
393 3975 425 4034 et
440 3966 568 4032 Alberti
584 3966 624 4030 de
640 3964 708 4032 Lod
755 3985 836 4048 quos
868 3965 1025 4050 Magister
1041 3963 1199 4031 Goraldus
1231 3970 1264 4029 et

122 4070 201 4154 sooij
219 4073 270 4138 eui
288 4072 461 4161 adducent,
477 4073 555 4141 item
570 4072 706 4138 Martini
724 4071 764 4138 de
780 4071 876 4138 Alma
906 4079 937 4140 et
954 4072 1090 4158 ehetley
1105 4070 1164 4154 filij
1198 4071 1264 4136 lla

2 4187 3 4192 ’
123 4179 214 4267 they,
233 4197 317 4262 quos
333 4199 409 4266 pars
425 4181 568 4248 aduersa
585 4179 735 4246 adducet.
749 4177 812 4255 Qui
824 4181 954 4263 quidem
967 4182 1001 4247 in
1014 4179 1139 4246 oetauis
1150 4178 1264 4244 Sancti

123 4285 242 4356 Jacohi
259 4286 408 4372 Apostoli
425 4307 524 4374 super
540 4287 624 4355 facie
640 4286 727 4354 dicte
751 4294 835 4353 terre
860 4289 993 4356 Zechke
1024 4293 1177 4373 presente
1208 4286 1263 4351 ho·

121 4394 210 4462 mine
226 4395 463 4464 Cruoiierorum
480 4396 521 4462 de
551 4395 643 4463 Ohur
676 4393 920 4463 arbitrabuntur
953 4396 1040 4462 inter
1060 4399 1181 4480 partes.
1222 4393 1264 4458 Et

114 4501 277 4585 -quioquid
303 4499 403 4586 ijdem
436 4503 551 4572 arbitri
581 4501 822 4570 arbitrabuntur
855 4503 940 4570 inter
972 4509 1106 4590 partes,
1141 4499 1263 4566 dehent

2 4622 3 4706 j
117 4613 232 4693 partos
248 4612 398 4678 tolerare.
415 4612 497 4681 Pars
513 4631 590 4680 nero
607 4610 648 4678 de
665 4610 803 4678 arbitrio
814 4610 1034 4696 predictorum
1054 4610 1198 4682 uirorum
1213 4629 1264 4676 re.
