3132 5192
309 1020 338 1088 Δ
355 1021 640 1110 pyulofebtonari
655 1023 888 1106 keptatannae
903 1021 1178 1105 dizonysdqleoelc‚
1208 1021 1291 1104 bcpy
1324 1042 1346 1082 u
1381 1015 1444 1084 Ge·

309 1130 476 1196 mstcloltei
491 1129 628 1194 namnet
645 1125 841 1194 dementent
856 1135 936 1192 necti
953 1125 1442 1193 orotcirtokatnthtncacomn

601 1233 747 1300 ernnd
756 1235 876 1319 fidant
890 1235 1031 1300 clndtdlc.
1048 1232 1148 1296 1292.

416 1429 601 1514 Capitulum
625 1427 771 1496 sceleste
792 1429 885 1496 Beati
905 1421 1087 1512 llly'clraelis
1111 1427 1311 1514 Archangeli
1337 1431 1444 1495 Tran-

308 1537 607 1606 silnanevninersis
617 1534 738 1603 (ibristi
748 1536 900 1603 fidelibus
910 1543 978 1603 tam
988 1535 1193 1620 presentibus
1204 1555 1303 1618 qnam
1320 1533 1444 1601 suturis

314 1664 447 1730 presens
458 1646 614 1730 scriptum
625 1643 819 1728 inspecturis
829 1645 967 1710 salntem
978 1647 1010 1709 in
1021 1645 1164 1710 omnium
1173 1642 1350 1710 calcatore.
1362 1643 1442 1708 Vni·

313 1772 478 1820 nersornm
495 1751 737 1819 noticieharnm
764 1751 848 1819 serie
858 1751 1072 1836 declaramus,
1092 1749 1178 1834 qnod
1198 1751 1321 1816 Paulus
1332 1755 1365 1818 et
1383 1750 1445 1816 Pe·

314 1866 382 1924 trus
399 1858 457 1925 filii
473 1859 578 1926 Gerus
594 1857 719 1925 nobiles
736 1857 776 1924 dc
793 1858 1008 1926 Gerustcleke
1024 1864 1137 1924 vocate
1153 1879 1211 1943 pro
1237 1877 1274 1923 se
1299 1857 1385 1944 ipsis
1411 1864 1445 1922 et

315 1986 374 2052 pro
390 1966 524 2033 domina
539 1967 628 2033 Eebe
644 1986 753 2032 sorore
768 1987 910 2051 suarum,
929 1986 1000 2033 cnm
1011 1966 1098 2031 veris
1110 1971 1142 2030 ct
1153 1965 1272 2032 litteris
1284 1965 1445 2047 legitimis

317 2075 628 2158 procuratorialibus
644 2075 858 2159 personaliter
874 2094 981 2142 coram
999 2073 1092 2139 nobis
1108 2071 1238 2138 inerunt
1263 2071 1448 2156 constituti,

317 2179 484 2246 cuiusdam
500 2189 618 2247 terram
633 2171 778 2265 ipsoiun
795 2180 1025 2246 hereditariam
1052 2179 1268 2246 Gernsteleke
1294 2187 1450 2246 uocatam

320 2287 353 2353 iu
369 2285 531 2352 Comitatn
547 2287 588 2354 de
603 2289 736 2354 'l'borda
750 2291 838 2356 circa
852 2285 973 2357 undam
989 2287 1078 2354 fiuuii
1106 2286 1246 2354 manias
1270 2287 1447 2355 existentis

319 2393 391 2480 pari
407 2395 575 2462 uoluntate
591 2401 624 2460 et
639 2397 800 2462 communi
816 2415 1058 2464 consensncnm
1075 2395 1224 2462 omnibus
1250 2393 1450 2460 utilitatibus

318 2501 386 2570 suis
403 2508 436 2568 et
451 2503 663 2587 pertinenciis
678 2501 850 2588 uniuersis,
877 2503 981 2588 siluis,
1007 2503 1125 2588 pratis,
1147 2501 1241 2568 terris
1263 2501 1448 2567 arabilibus

319 2615 352 2676 et
366 2607 493 2697 tenetis,
510 2611 572 2676 sub
588 2608 730 2692 antiquis
746 2610 842 2675 metis
858 2617 890 2675 et
904 2609 1057 2690 terminis,
1072 2609 1188 2692 qnibns
1203 2607 1311 2696 ipsam
1327 2615 1450 2673 terram

317 2715 501 2782 babuerunt
515 2725 547 2783 ct
563 2715 788 2801 possederunt,
819 2715 988 2804 dederunt,
1016 2715 1220 2784 tradiderunt
1237 2722 1268 2783 et
1284 2716 1449 2782 irrcnoca·

322 2823 434 2888 biliter
459 2823 684 2904 uendiderunt,
717 2823 832 2890 Comiti
855 2825 997 2892 Jobanni
1022 2825 1093 2892 lilio
1117 2823 1256 2890 Vrkund
1281 2821 1386 2889 nobili
1411 2820 1452 2885 de

320 2927 542 3015 Tbordalaka,
558 2929 706 2996 similiter
723 2931 936 3014 personaliter
953 2931 1087 3016 astanti,
1104 2952 1165 3017 pro
1182 2929 1321 3016 triginta
1331 2927 1451 2996 marcis

322 3039 407 3104 bona
422 3037 559 3123 pecnnia
577 3039 674 3122 plene
684 3037 801 3104 solutis
817 3045 848 3104 et
863 3039 1012 3125 receptis,
1030 3041 1063 3105 in
1079 3040 1166 3106 lilios
1180 3038 1335 3123 tiliorum,
1358 3035 1448 3102 here·

321 3143 461 3226 dumque
477 3163 617 3210 suornm
634 3145 874 3212 successoribus
906 3146 1079 3214 tenendam
1105 3144 1337 3230 possidendam
1362 3143 1450 3230 pari·

320 3257 370 3316 ter
386 3258 417 3316 et
437 3248 632 3318 habendam.
648 3251 730 3318 Item
746 3251 908 3336 predictas
923 3273 975 3319 res
992 3274 1049 3339 pro
1067 3251 1192 3319 onmite
1208 3251 1371 3337 iohanne,
1399 3269 1449 3316 sn·

321 3377 379 3442 per
388 3357 568 3443 predictam
584 3359 821 3444 possessionen,
833 3359 989 3444 percoluit
999 3360 1157 3444 Magister
1166 3357 1451 3425 Demetrinslilius

319 3463 483 3528 Herbarth
508 3465 627 3532 nobilis
643 3465 683 3533 de
699 3465 800 3550 Rcvd,
818 3467 926 3532 socius
941 3487 1029 3552 suus,
1046 3467 1125 3552 ipsis
1142 3465 1307 3533 nobilibus
1332 3485 1446 3552 preno-

320 3572 409 3636 tatis.
427 3571 463 3634 lu
482 3573 573 3637 cuius
601 3573 646 3637 rei
673 3573 891 3640 testimonium
918 3581 1170 3659 perpetuamque
1193 3573 1382 3639 firmitatem
1407 3572 1449 3638 ad

319 3676 516 3760 peticionem
538 3685 570 3742 et
596 3679 793 3744 instanciam
812 3679 1026 3763 predictorum
1037 3689 1206 3765 presentes
1231 3681 1451 3748 concessimus

321 3783 447 3848 litteras
475 3783 650 3850 munimine
675 3789 778 3852 nostri
803 3787 904 3871 sigilli
930 3787 1110 3854 roboratas.
1138 3788 1259 3854 Datum
1291 3787 1448 3871 Magistro

320 3891 488 3974 Mycbaele
503 3891 681 3979 Proposito,
700 3893 856 3979 Gregorio
869 3895 1020 3978 Caulone,
1031 3897 1133 3963 Paulo
1146 3896 1297 3979 Custode,
1316 3895 1391 3962 And
1403 3933 1445 3944 -

320 4035 363 4045 -
380 3999 606 4086 existentibus,
624 4019 708 4066 anuo
719 4004 851 4070 Domini
869 4003 1005 4070 M⁰o⁰o⁰
1019 4005 1232 4088 nonagesimo
1244 4003 1396 4071 secundo.

322 4175 453 4237 (Tentsch
466 4177 494 4228 ds
521 4179 678 4239 Firnbaber,
706 4181 927 4233 Urknudenbucb
953 4195 999 4232 aur
1024 4181 1187 4234 Gescbichte
1218 4177 1438 4250 Siebenbllrgsns

748 4269 770 4318 1.
781 4269 836 4319 nuc.
853 4271 911 4320 182.
925 4269 990 4336 rap.)

780 4427 989 4439 num...
