3124 5194
530 339 690 439 Q

4 539 5 546 ’
47 549 152 617 uywar
166 529 383 616 existentem,
415 531 607 599 eontulisset
624 539 656 598 et
671 551 782 600 eoram
798 531 891 599 nobis
919 532 1055 600 eontulit
1080 533 1188 601 vene*

10 645 12 650 ’
47 635 134 706 rabili
149 637 240 722 patri
257 637 389 705 domino
405 644 516 706 nostro
532 637 573 706 Α.
588 639 652 706 Dei
668 640 781 724 graoia
796 641 968 732 llpiseopo,
988 647 1020 707 et
1032 660 1089 725 per
1100 659 1178 708 eum

4 733 5 738 ’
48 745 266 831 llpyso‘opstni
281 745 431 830 Agriensi
447 751 603 832 perpetuo
615 751 647 814 et
656 747 915 816 irreuoeabiliter
931 745 1173 834 possidendam,

48 851 226 919 habendam
244 861 278 919 et
297 855 472 922 tenendam
487 855 522 920 in
538 854 601 940 hys
616 854 730 923 metis:
748 855 867 942 Incipit
877 855 962 924 enim
973 855 1079 942 prima
1089 863 1177 924 meta

48 956 122 1026 diote
136 965 225 1025 terre
242 961 346 1028 Batur
362 961 449 1029 eirea
464 961 631 1046 lapideam
648 967 767 1030 metam
782 961 863 1030 ville
879 962 1035 1047 Bagoha5
1054 969 1086 1030 et
1101 962 1177 1028 des·

50 1066 209 1134 tendendo
219 1087 338 1136 uetans
348 1069 549 1137 occidentem
560 1065 708 1156 peruenit
718 1069 839 1136 uallem
850 1075 882 1136 et
891 1068 1175 1137 riunlumBathnr·

49 1173 164 1258 patalia
179 1181 356 1260 noeatum;
373 1183 405 1243 et
419 1177 455 1242 in
471 1176 585 1244 eadem
602 1177 688 1244 valle
705 1185 737 1243 et
753 1177 867 1243 eadem
892 1185 987 1263 parte
1011 1194 1097 1261 aque
1122 1195 1175 1244 as·

4 1307 5 1314 ¹
51 1277 206 1349 eundendo
223 1284 316 1350 eirea
333 1283 470 1350 eundem
487 1285 628 1352 riunlum
645 1285 794 1370 peruenit
810 1285 923 1352 villam
949 1287 1061 1370 Batur,
1086 1292 1176 1350 terra

49 1389 175 1456 iliorum
191 1389 305 1457 (lheoh
322 1397 354 1458 et
368 1391 450 1478 Ysip
467 1393 555 1460 ultra
569 1393 703 1460 fluuium
719 1401 918 1481 remanente,
936 1393 990 1460 vbi
1006 1389 1175 1477 supradu-

4 1529 5 1532 ¹
50 1518 125 1563 num
141 1497 286 1564 filiorum
303 1499 456 1583 Symonis
473 1499 534 1568 sub
551 1502 668 1568 arbore
683 1501 757 1587 pyri
767 1499 1086 1568 introdusiturterris
1096 1497 1176 1564 Far·

51 1603 122 1688 oasij
138 1603 294 1672 similiter
308 1605 410 1672 Batur
426 1604 540 1692 diom5
559 1615 591 1673 et
617 1626 731 1675 uersus
756 1606 958 1674 ooeldentern
984 1605 1074 1672 eirea
1100 1625 1191 1672 ean·›

4 1743 6 1800 3
52 1709 116 1778 dem
130 1715 271 1780 ueniens
287 1713 493 1799 ooniungitur
508 1715 638 1782 qnidam
654 1715 764 1802 bereh,
792 1714 847 1782 vbi
873 1715 935 1782 sub
959 1712 1101 1798 quadam
1127 1731 1189 1778 ar·-

4 1805 6 1880 ᾏ
52 1818 124 1888 bore
138 1821 237 1906 yliois
257 1829 308 1890 est
324 1842 392 1890 una
416 1830 504 1890 meta
528 1825 663 1909 antiqua
691 1823 868 1907 innonata;
894 1830 927 1890 et
952 1818 1191 1890 asscendendo·

4 1969 6 1992 τ
52 1944 102 2009 per
117 1927 258 1996 eundem
274 1929 373 1996 berolr
388 1929 495 2014 iungit
510 1931 602 1997 iuxta
619 1931 758 1998 eandem
775 1937 896 1997 terram
914 1928 1059 2012 Fareasij
1087 1947 1175 1992 mon·

4 2079 6 2120 ss
54 2037 110 2097 tem
123 2035 360 2122 Dolnaberehy
370 2044 531 2123 uooatum,
550 2037 606 2106 ubi
622 2044 774 2106 suuttres
790 2043 887 2124 mete,
898 2057 963 2103 una
973 2041 1056 2102 terro
1067 2042 1190 2102 nostre-

54 2136 180 2227 dnarss,
197 2143 268 2210 alia
285 2144 450 2232 Fsrlrasij,
466 2147 569 2214 tersia
586 2145 721 2213 comitis
736 2147 841 2230 Pous;
861 2143 1098 2213 eteironeundo
1125 2161 1177 2210 oa·

4 2305 5 2310 ,
57 2255 106 2328 put
115 2249 210 2318 uallis
225 2251 435 2336 Medijuozou
451 2261 579 2342 uooate,
606 2253 700 2321 iuxta
724 2252 859 2321 eandem
885 2259 1005 2319 terram
1031 2255 1186 2318 nostran

4 2431 6 2442 Ι
57 2353 174 2425 maras
191 2358 236 2424 ad
254 2361 440 2444 aquilonem
468 2360 707 2446 descendendo,
732 2361 824 2426 iuxta
849 2359 1014 2444 publioam
1039 2364 1177 2424 stratam

57 2464 191 2544 peruenit
207 2465 253 2532 ad
269 2469 420 2536 arborem
437 2467 547 2536 salieis
564 2471 733 2552 antiquam
750 2467 945 2552 megbeiyuz
962 2466 1096 2550 dietam,
1117 2463 1187 2530 snb-

4 2583 5 2648 }
60 2588 114 2651 qua
127 2579 214 2640 mete
230 2582 283 2644 est
296 2578 445 2661 antiqua,
461 2578 516 2644 ubi
533 2579 740 2662 eontignatur
757 2583 843 2642 terre
858 2575 991 2660 Buohey
1007 2596 1015 2658 ;
1037 2579 1070 2638 et
1086 2571 1179 2638 iuxta

60 2679 182 2747 eandem
198 2702 259 2766 per
275 2684 448 2752 oontinuas
465 2692 569 2752 metas
584 2684 736 2768 antiquae
754 2703 868 2751 uersus
895 2683 1082 2765 aquilonem
1108 2698 1178 2765 pro

61 2783 193 2856 sedendo
209 2791 363 2876 peruenit
379 2795 421 2859 ad
449 2793 611 2878 quoddam
635 2791 750 2879 berch,
769 2791 824 2858 ubi
850 2791 1055 2872 coniungitur
1082 2785 1177 2853 metis

4 2901 11 2970 ’.
60 2896 132 2963 terre
161 2897 246 2966 Both
280 2909 312 2966 et
346 2901 485 2968 filiorum
509 2901 682 2987 Dyonisij3
714 2906 747 2967 et
775 2898 1009 2966 iuxtaterram
1039 2898 1188 2964 filiorum.

4 3047 6 3096 ss
60 2998 196 3089 Dyonisij
223 3005 456 3076 descendendo
481 3027 594 3093 uersus
625 3009 729 3076 Batur
751 3005 862 3073 multis
878 3004 1098 3072 mediantibus
1113 3019 1187 3066 me-

61 3105 97 3173 tis
110 3113 258 3196 peruenit
285 3113 452 3198 quandam
477 3116 564 3184 uiam
599 3114 770 3182 Anarozou
801 3113 939 3196 dietam,
971 3111 1026 3178 vbi
1049 3115 1180 3195 aparte

4 3229 5 3236 ¹
62 3215 201 3286 orientali
232 3241 335 3309 supra
364 3222 526 3307 quoddam
551 3223 650 3292 berolr
676 3228 752 3290 sunt
777 3229 843 3288 tres
871 3227 975 3304 meto,
1007 3227 1039 3286 et
1055 3215 1177 3300 contig-
1267 3265 1270 3271 r

4 3367 5 3410 3
63 3331 147 3392 natur
160 3333 230 3396 tere
247 3329 295 3397 st.
322 3331 380 3418 filij
400 3331 550 3418 Gregorij
570 3333 610 3400 de
633 3332 732 3415 Beel;
765 3337 798 3396 et
822 3327 942 3396 abhino
972 3324 1179 3413 prosedendo

4 3433 5 3522 g
63 3429 146 3502 iuria
184 3437 322 3505 eandem
356 3447 478 3508 terram
517 3439 660 3507 filiorum
695 3437 843 3522 Gregorij
889 3454 1002 3502 uersus
1041 3438 1193 3501 nastrum„

4 3529 6 3640 ζ
64 3538 195 3610 eiusdem
212 3545 335 3614 domini
352 3547 457 3616 nostri
482 3547 594 3616 multis
619 3544 715 3614 urstis
731 3542 951 3613 mediantibus
978 3540 1084 3625 iungit
1114 3547 1194 3608 tres-

4 3649 6 3700 ἓ
64 3655 159 3717 meas
174 3655 365 3742 angulares,
391 3675 529 3740 quarum
555 3676 620 3722 una
636 3654 683 3721 St.
699 3651 850 3739 predicti,
867 3648 936 3718 alia
961 3648 1087 3732 Casiri,
1118 3654 1194 3714 ter·-

4 3771 6 3836 ἵ
66 3752 110 3821 tia
122 3757 230 3828 Batus
253 3763 450 3851 supradieti3
483 3772 516 3833 et
530 3763 651 3834 abinde
681 3781 796 3829 uersus
826 3760 961 3846 plagam
987 3755 1181 3824 meridiona-

4 3851 6 3872 ³
64 3859 120 3929 lem
134 3865 252 3938 directe
267 3873 360 3940 iuxta
374 3880 479 3941 terras
497 3872 643 3940 eiusdem
660 3869 766 3938 (laslri
782 3867 906 3935 domini
916 3867 1020 3933 nostri
1034 3884 1091 3947 per
1108 3883 1193 3929 eon·-

66 3969 165 4042 linuas
179 3985 283 4048 metas
299 3981 472 4048 reuertitur
488 3979 532 4046 ad
547 3977 710 4046 inioialem
726 3981 846 4044 metam
863 3983 949 4044 terre
973 3969 1108 4054 Bageha
1132 3989 1184 4053 su·

4 4173 5 4176 ¹
67 4079 247 4162 pradiotam.
273 4087 313 4154 In
344 4087 435 4156 euius
461 4095 547 4155 terre
573 4083 798 4153 ooneambinm
823 4088 955 4168 propter
985 4077 1183 4144 vieinitatem

67 4183 143 4255 idem
161 4195 352 4263 uenerabilis
367 4203 463 4282 pater
479 4195 629 4262 dominus
645 4200 755 4261 noster
770 4192 952 4276 Episcopus
969 4183 1193 4254 ComitiPoua-

4 4333 6 4380 5
70 4295 181 4382 etlilijs
197 4302 266 4368 suis
281 4309 400 4370 terrm
415 4303 564 4371 Eoolesie
580 4301 710 4368 Bathan
726 4304 873 4366 noestam
889 4297 923 4362 in
939 4292 1053 4362 eodem
1078 4289 1183 4357 Comi·

4 4421 5 4424 ’
69 4405 333 4477 nannetensem
350 4413 410 4478 sub
427 4409 550 4479 eisdem
566 4409 663 4476 metis
687 4415 719 4475 et
734 4403 891 4492 terminis,
908 4400 1023 4487 quibus
1037 4396 1196 4464 Eoelesia.

72 4517 246 4602 atempore,
266 4519 358 4588 euius
373 4539 441 4588 non
458 4527 549 4587 extat
564 4517 728 4602 memoria,
746 4513 887 4583 obtinuit
903 4517 936 4580 et
945 4505 1099 4596 possedit,
1110 4523 1184 4571 oon·

4 4717 5 4722 ¹
68 4621 132 4690 tulit
144 4624 288 4696 similiter
302 4635 462 4716 perpetuo
478 4625 723 4714 possidendam,
739 4621 836 4692 simul
852 4640 925 4688 oum
942 4615 1084 4702 quadarn
1107 4630 1192 4701 par·-
