3180 5202
570 355 730 456 „ML

6 551 8 600 ἲ
71 545 292 640 terminatur,
325 558 359 620 ct
388 549 501 636 incipit
540 557 650 620 tenore
689 549 1001 620 commetaneitatem
1044 573 1118 622 oum
1149 562 1213 622 ter-

5 603 35 792 *
70 655 122 724 ris
139 657 293 743 Magistri
308 660 481 743 Laurencij
510 666 542 726 et
565 657 704 727 fratrum
735 679 865 728 snorum
895 659 1035 728 filiorum
1060 663 1213 746 Magistri

5 793 7 804 ·
70 763 221 850 Philpus
235 765 370 854 Korcgh
389 767 535 854 uocatis3
561 768 683 836 abinde
709 765 842 837 dinertit
868 768 912 835 ad
927 777 1055 856 partem
1070 776 1212 856 septem·

5 951 7 954 ¹
70 871 272 963 trionalem,
292 882 326 944 et
341 875 447 943 eundo
466 896 526 961 per
549 883 647 962 prata
662 877 751 962 flnnij
778 875 919 963 predicti
942 877 1079 962 Korogh
1094 877 1213 966 uocati,

69 980 108 1046 in
127 1001 252 1068 magno.
267 985 380 1072 spacio
395 985 502 1053 cundo
518 984 552 1050 in
568 983 629 1052 hoc
645 989 739 1072 prato
766 986 925 1072 contingit
951 987 1046 1054 terris
1073 985 1212 1054 liliorum

4 1177 6 1182 Ι
69 1089 202 1175 Ehnee,
229 1092 444 1174 exeundoqne
468 1092 510 1160 ab
536 1091 651 1158 eodem
682 1099 776 1179 prato
808 1092 843 1159 in
859 1091 1143 1161 commetancitate
1159 1112 1211 1160 eo·

5 1213 6 1216 ’
67 1195 216 1264 rundem
251 1199 391 1266 filiorum
421 1199 535 1266 Ehnce
565 1199 656 1266 uadit
685 1197 729 1266 ad
753 1200 910 1286 angulum
942 1199 1111 1268 cuiusdam
1128 1197 1214 1290 silue

4 1347 6 1378 ς
66 1304 215 1371 filiorum
232 1305 347 1374 Ehnee
364 1306 489 1391 ligncth
506 1315 631 1393 vocate,
643 1308 699 1376 vbi
710 1316 786 1376 sunt
801 1315 867 1376 tres
883 1309 1017 1376 arbores
1027 1308 1112 1394 ilyce
1123 1303 1209 1395 (lgy)

3 1435 5 1500 j
65 1431 198 1499 magne
215 1415 367 1482 crucibus
384 1414 577 1500 consignate
598 1414 684 1482 ferro
699 1415 771 1482 vice
787 1423 966 1502 metarum,
982 1415 1038 1482 nbi
1054 1415 1152 1482 uertit
1167 1413 1211 1480 ad

3 1563 5 1594 2
70 1527 208 1606 partem
225 1520 484 1610 meridionalem,
501 1528 534 1588 ct
549 1543 608 1608 per
624 1522 787 1607 quandam
803 1542 958 1608 magnam
974 1522 1064 1589 viam
1080 1521 1208 1590 denitur

65 1628 118 1696 ad
133 1629 304 1714 quandam
320 1649 439 1713 aquam
456 1651 496 1696 ex
505 1629 723 1698 inundacione
732 1631 886 1716 pluuialis
902 1651 986 1716 aque
1002 1651 1037 1698 se
1052 1637 1209 1714 stagnan-

2 1773 5 1810 ;
67 1745 141 1803 tem
160 1737 247 1820 wigo
263 1735 462 1822 Zelezpotok
478 1737 619 1823 dictam;
639 1758 737 1824 quarn
753 1739 883 1823 quidem
899 1757 1016 1822 aquam
1033 1738 1160 1825 transit,
1177 1743 1208 1802 et

2 1871 3 1928 3
63 1844 108 1908 in
125 1845 412 1912 commetaneitate
427 1849 585 1912 terrarum
601 1845 780 1931 supradicti
805 1845 945 1930 Dionisij
963 1846 1029 1911 itnr
1044 1845 1088 1912 ad
1104 1865 1204 1929 quan·

2 1971 4 1980 ·
67 1950 151 2019 darn
169 1969 326 2034 magnam
341 1951 429 2018 viam
445 1957 676 2037 memoratam
708 1953 834 2020 intrans
865 1952 898 2016 in
922 1953 1038 2020 villam
1067 1951 1205 2018 Tulman

2 2053 5 2142 f·
67 2065 228 2127 uocatam
243 2109 253 2146 ,
270 2058 305 2126 in
324 2079 390 2143 qua
406 2066 456 2126 est
472 2059 611 2128 ecelesia
636 2059 669 2124 in
686 2060 807 2126 honore
831 2059 944 2126 Sancti
959 2059 1129 2126 Michaelis
1147 2060 1206 2124 Ar-

1 2163 4 2221 s
68 2164 239 2252 changeli,
257 2185 319 2248 que
335 2165 464 2250 quidem
495 2165 636 2234 ccclesia
660 2173 813 2251 sequatur
830 2163 915 2253 (lgy)
932 2187 990 2250 por
1006 2165 1158 2250 medium,
1174 2173 1206 2231 et

1 2268 2 2342 ἶ
68 2297 129 2361 per
146 2272 289 2341 candem
305 2275 392 2340 riam
409 2273 501 2342 vadit
516 2275 560 2340 ad
574 2274 671 2340 finem
688 2275 767 2342 nillc
782 2275 922 2342 Tnlrnau
942 2281 1065 2359 vocate,
1083 2273 1139 2340 ubi
1155 2280 1206 2338 est

69 2403 196 2468 magna
214 2390 307 2450 meta¹
333 2388 461 2466 terrca;
489 2383 606 2448 exhinc
621 2383 809 2466 proceditur
824 2383 867 2450 ad
883 2384 1036 2468 superins
1051 2402 1204 2450 memora

1 2501 7 2594 i
68 2501 139 2557 tum
155 2497 289 2574 portum
306 2492 476 2574 antiquum
492 2490 651 2576 sepedicti
681 2490 769 2574 flnnij
788 2491 937 2558 Wolkow
954 2491 1070 2577 vocati,
1089 2491 1204 2574 sicque

1 2611 2 2670 3
68 2601 277 2666 terminatur.
303 2598 422 2665 Datum
448 2597 541 2665 Bnde
557 2599 695 2684 septimo
722 2599 776 2664 die
802 2598 895 2665 Beati
911 2597 1045 2683 Georgij
1063 2598 1204 2664 martiris

69 2727 155 2774 anno
171 2706 307 2772 Domini
322 2705 478 2773 M⁰CCCt

69 2903 133 2970 (111.
146 2906 241 2956 Endra
254 2901 401 2970 kirtlynalr
413 2903 526 2956 lcoo-ki
539 2899 702 2970 megcrdsito'
728 2899 919 2968 okmdnytbdl
932 2906 1002 2954 mint
1014 2903 1124 2958 lentcbb
1137 2905 1199 2954 245.

562 2991 636 3046 sarim
650 2993 739 3058 alatt)

524 3245 739 3255 -—-———--—

581 3711 659 3778 255.

66 3911 183 3978 Isinda
204 3935 303 3978 comes
328 3909 617 3995 alnrchoiro'nalr
642 3910 922 3997 biaoaysdplcuclc,
956 3908 1040 3995 kopp
1064 3905 1199 3994 Almopi

1 4013 2 4020 ἵ
64 4020 182 4086 Bacha
199 4041 305 4106 corace,
321 4020 353 4084 da
368 4019 488 4084 Milton
504 4041 602 4086 comcs
619 4018 787 4104 Botyznok
818 4019 953 4101 tertcdrc,
972 4015 1102 4082 Bactra
1116 4027 1197 4080 occul

63 4129 183 4196 ledztttlc
207 4151 295 4214 peres
317 4127 466 4192 bictclcro
497 4129 590 4192 acccc
605 4126 842 4213 larotrcporan
873 4125 1082 4213 epyc'zlredtck.
1105 4123 1195 4190 1300

174 4327 243 4393 Nos
258 4324 374 4392 Comes
393 4323 440 4390 st.
469 4319 650 4407 Vieejndex
676 4323 771 4390 Curia
802 4323 922 4389 domini
949 4321 1048 4407 Regis
1074 4320 1191 4387 damus

63 4452 123 4518 pro
141 4432 307 4516 memoria,
325 4431 412 4514 quod
428 4429 461 4495 in
478 4448 580 4496 eausa
589 4481 599 4515 ‚
619 4449 716 4512 quam
735 4427 850 4496 Comes
866 4429 978 4496 Bacha
995 4431 1084 4495 filins
1099 4428 1195 4494 Mark

63 4539 106 4606 de
120 4540 240 4624 Almag
254 4535 467 4624 personaliter
494 4543 608 4602 astans
625 4543 739 4603 contra
766 4535 922 4604 Comitem
938 4535 1110 4602 Nicolaum
1129 4533 1195 4600 fra·

63 4655 146 4713 trem
162 4647 266 4736 Botyc
281 4643 431 4712 similiter
446 4643 662 4731 personaliter
687 4653 949 4733 comparentem,
982 4663 1081 4728 super
1105 4641 1193 4708 facto

959 4753 1023 4826 25*
