3132 5192
80 1195 126 1258 De
140 1193 264 1259 Peimu's
287 1193 407 1258 Vilmos
423 1219 444 1258 a
474 1193 646 1282 Templomi
668 1197 747 1262 read
763 1199 1207 1282 capparonum-szlavonice

80 1312 201 1366 meatere
218 1299 330 1365 Ndrnet
347 1302 501 1368 Pdteraeic
526 1303 746 1389 clzdlopcsttja
774 1302 926 1389 Grapa'ca
951 1313 1031 1370 accit
1055 1304 1204 1369 hirtoiedt.

597 1408 695 1476 1292.
1292 1411 1295 1418 ’

185 1605 258 1672 Nos
275 1603 376 1670 frater
392 1601 607 1690 Guyllcrmus
639 1601 678 1669 de
694 1603 815 1670 Peimis
848 1603 1003 1687 Magister
1028 1605 1205 1671 Domorum

81 1708 199 1777 Milicie
230 1710 360 1794 Templi
392 1730 448 1794 per
473 1709 675 1794 Hungariam
693 1714 726 1775 et
751 1709 958 1776 Scluuouiam
985 1709 1204 1793 significamus

83 1817 193 1899 quibus
210 1825 379 1900 presentes
395 1818 610 1885 ostenduntur
624 1818 803 1886 uniuersis:
819 1819 905 1902 quod
923 1837 993 1884 cum
1019 1839 1078 1885 uos
1104 1819 1202 1884 domi·

2 1978 5 1984 .
82 1941 152 1987 uum
168 1923 428 1991 illustrissimum
444 1923 610 1991 Andream
627 1925 688 1992 Dei
704 1925 817 2008 gracia
833 1927 954 2008 Regem
973 1923 1208 2011 Huugariepro

82 2029 215 2098 diuersis
232 2039 265 2098 et
281 2033 386 2116 uarijs
411 2033 556 2116 negocijs
573 2033 749 2100 Domorum
769 2037 953 2099 nostrarum
980 2032 1205 2100 uniuersarum

82 2135 111 2201 iu
126 2137 299 2221 Huugaria
315 2146 348 2206 et
362 2141 535 2208 Sclauonia
561 2139 775 2207 existenoium
803 2142 905 2224 us‘que
929 2140 1125 2224 Zagrabiam
1152 2161 1201 2208 se·

3 2237 4 2258 ¹
84 2245 144 2308 cuti
169 2244 357 2330 fuissemus,
384 2253 416 2312 et
443 2267 501 2314 nos
517 2267 617 2331 penes
643 2247 782 2313 eundem
809 2246 973 2313 dominum
999 2249 1117 2331 Regem
1150 2269 1208 2334 pro

3 2393 4 2404 η
82 2351 222 2434 negocijs
239 2351 417 2419 Domorum
443 2359 626 2420 nostrarum
652 2353 786 2418 multam
803 2353 974 2437 pecuniam
1001 2354 1208 2436 expendisse-

3 2457 5 2522 ζ
84 2476 159 2544 mus,
175 2465 207 2524 et
232 2458 430 2542 Zagrubiam
458 2459 679 2543 pemeniendo
707 2467 776 2526 tota
802 2479 946 2544 expensa
971 2461 1205 2530 caruissemus:

3 2587 5 2660 ζ
83 2581 136 2630 nos
153 2566 239 2630 enim
255 2566 451 2633 necessitate
468 2567 638 2650 compulsi,
654 2571 689 2632 vt
704 2565 823 2633 Demos
839 2575 968 2634 nostras
991 2567 1081 2652 ,apud
1107 2567 1206 2636 domi-

3 2683 4 2718 1
84 2691 153 2736 uum
167 2675 291 2758 Regem
315 2674 360 2740 ad
384 2674 554 2760 pristinum
580 2674 632 2741 ius
657 2695 824 2760 possemus
853 2694 1014 2760 reuocare,
1041 2677 1206 2757 quandam

3 2831 5 2854 s
84 2783 195 2847 terram
212 2788 358 2846 nostram
374 2796 430 2848 seu
445 2780 602 2866 predium,
620 2780 706 2863 quod
722 2780 867 2864 Gragina
883 2789 1097 2869 nuncupatur,
1120 2783 1206 2866 quod

84 2885 203 2966 quidem
221 2887 367 2973 predium
384 2889 492 2956 Butko
508 2888 638 2954 nominc
654 2888 695 2953 ab
721 2887 854 2969 antiquo
871 2888 1054 2972 optinuerat
1079 2898 1110 2956 et
1134 2911 1205 2974 pos-

3 3043 5 3052 ,
85 2991 213 3081 sederat,
231 2993 442 3078 aduingeudo
459 2994 504 3061 ad
520 2993 659 3062 eandem
684 3003 804 3062 terram
821 2994 985 3078 quandam
1003 3003 1122 3062 terram
1149 2997 1204 3062 de·
1333 3063 1334 3070 ,
1361 3017 1369 3034 ·

85 3105 195 3164 sertam
211 3101 300 3168 infra
315 3103 420 3187 ipsam
438 3107 558 3169 terram
575 3102 694 3187 Butko,
720 3123 782 3186 que
812 3102 898 3168 iacet
923 3121 1025 3186 usque
1051 3123 1203 3187 maguam

88 3205 164 3271 uiam
194 3229 259 3291 que
275 3210 379 3276 tendit
394 3229 507 3277 uersus
525 3210 720 3277 Crisienscm
738 3209 864 3294 uillam,
883 3231 955 3275 cum
982 3209 1130 3278 omnibus
1146 3213 1204 3277 vti-

86 3309 221 3381 litatibus
231 3365 242 3400 ,
259 3317 470 3400 pertinencijs
487 3339 525 3382 ac
543 3317 646 3382 vincis
664 3318 696 3381 in
714 3314 853 3400 hijsdcm
869 3316 964 3382 terris
980 3317 1201 3401 existentibus,

2 3484 6 3495 ,
87 3437 121 3484 ex
136 3438 300 3504 consensu,
319 3405 453 3490 consilio
470 3431 502 3489 et
518 3425 686 3489 uoluntate
711 3411 845 3489 fratrum
871 3429 1064 3506 nostrorum,
1090 3421 1202 3488 uideli-

3 3597 5 3606 ,
87 3524 252 3594 cetfratris
269 3529 448 3597 Franconis
465 3529 506 3594 de
521 3529 659 3613 Valegio
676 3531 755 3613 socij
784 3529 895 3612 nostri,
922 3527 1033 3596 fratris
1056 3527 1201 3596 Wiliami

88 3629 123 3693 de
138 3633 317 3702 Brabancia
341 3637 543 3720 Preceptoris
569 3637 690 3703 Domus
718 3643 826 3702 nostre
842 3637 883 3702 de
908 3635 1026 3702 Sancto
1051 3635 1203 3725 Martino,

3 3777 4 3782 κ
90 3733 188 3806 fratris
202 3743 333 3827 Rogerij
351 3745 556 3828 Preceptoris
572 3744 672 3818 nostri
688 3743 729 3810 de
746 3742 958 3830 Glogonicha,
984 3741 1094 3811 fratris
1121 3745 1199 3812 Gre-

88 3845 157 3932 gorij
174 3847 214 3915 de
228 3852 368 3932 Wrana,
385 3857 417 3915 et
433 3851 543 3917 fratris
560 3851 736 3935 Samsonis,
755 3849 901 3918 dedimus
926 3870 983 3917 seu
1008 3851 1202 3918 contulimus

3 3981 4 3984 ¹
89 3947 258 4036 inpignore
274 3955 370 4023 Petro
397 3957 598 4024 Theotonico
625 3958 752 4024 cuidem
779 3959 882 4042 probo
907 3957 976 4023 uiro
1003 3962 1035 4021 et
1066 3957 1201 4026 honesto

89 4076 137 4139 pro
153 4062 268 4144 uiginti
287 4071 412 4149 septem
438 4065 557 4132 marcis
583 4062 731 4148 plenarie
747 4065 789 4132 ab
817 4063 930 4132 eodem
955 4065 1115 4149 receptis;
1141 4066 1196 4130 tali

92 4167 266 4239 condicione
297 4180 328 4238 et
359 4171 569 4240 ordinacione
593 4173 772 4256 interiecta,
799 4169 885 4254 quod
909 4189 1099 4256 quocunque
1124 4179 1200 4238 tem-

3 4279 5 4352 ?
90 4293 158 4356 pore
171 4299 227 4347 uos
243 4281 296 4347 vel
313 4281 397 4348 alter
410 4281 569 4363 Magister
594 4283 739 4366 ipsamm
765 4280 942 4347 Domorum
968 4298 1028 4345 nos
1053 4286 1128 4363 post
1153 4299 1200 4347 se·

3 4357 5 4388 ¹
73 4398 188 4470 iuuene,
200 4388 252 4452 uel
269 4386 389 4467 aliquis
407 4371 579 4471 Preceptor
593 4393 705 4454 noster
720 4385 760 4452 de
785 4384 999 4469 Glogonicha,
1020 4385 1198 4477 predictam

92 4491 193 4555 terram
223 4491 475 4577 impignoratam
507 4491 665 4560 redimere
691 4493 866 4581 poterimus
891 4493 934 4557 ab
960 4491 1074 4557 eodem
1103 4493 1199 4560 Petro

3 4583 5 4658 ἶ
91 4589 283 4686 succenseo,
307 4600 442 4670 liberam
459 4603 651 4670 habebimus
669 4607 702 4667 ct
718 4600 883 4668 habebunt
907 4619 965 4683 pro
981 4597 1121 4682 hijsdem
1147 4599 1196 4668 ri·
