3180 5202
853 1088 929 1156 264.

354 1290 494 1358 Acciczi
508 1287 731 1379 repentaneus
746 1285 1011 1374 sizonquiecete
1020 1336 1030 1368 ,
1055 1286 1136 1374 bucy
1152 1287 1243 1353 Ενάὸ
1260 1308 1359 1353 cernes
1378 1286 1488 1396 1³1³qu-

355 1419 409 1462 uec
423 1409 533 1464 memes
552 1420 575 1463 a
590 1395 701 1463 keztct
715 1395 766 1460 ket
781 1395 898 1460 Peebeu
922 1399 1003 1460 cece
1024 1395 1182 1481 helyeeqre
1198 1397 1292 1460 cresce
1306 1399 1423 1460 tiirie'nt
1437 1395 1488 1460 bc·
1572 1423 1575 1502 ἐ

524 1509 673 1590 rdtsciqos
688 1503 1196 1590 eyyczkedc‘stfoqanutositcttrik.
1213 1504 1312 1568 1300.

462 1699 648 1786 Capitulum
663 1697 810 1766 Ecclesie
826 1697 1013 1765 Wecieusis
1028 1698 1179 1766 omnibns
1194 1696 1316 1766 Christi
1333 1695 1487 1764 fidelibus
1573 1739 1575 1790 :

357 1812 540 1892 presentem
556 1806 714 1891 peginam
738 1805 934 1892 inspecturis
949 1805 1090 1873 salutem
1115 1806 1149 1872 in
1164 1805 1305 1874 Domine
1320 1804 1491 1888 sempiter·
1573 1859 1575 1916 4

354 1933 440 1983 num.
456 1912 510 1979 Au
525 1912 749 1982 uniuersorum
775 1919 843 1978 tum
858 1913 1063 1999 presencium
1087 1933 1184 1999 quam
1209 1913 1391 1980 futurorum
1405 1910 1489 1976 uoti·
1573 1921 1575 2004 ξ

358 2021 444 2088 cium
454 2019 568 2088 hurum
580 2039 677 2106 serye
695 2022 842 2088 volumus
854 2021 1027 2106 peruenire
1043 2007 1356 2104 :quodncbilesviri
1371 2019 1489 2086 Comes
1573 2025 1575 2070 ἒ

354 2125 463 2194 Erdeu
478 2127 566 2194 iilius
581 2125 731 2196 Semerdi
745 2129 788 2194 ab
798 2133 978 2214 rerepente,
995 2134 1027 2193 et
1046 2125 1391 2212 MegisterDyonisius
1401 2125 1488 2191 filins

354 2233 486 2300 Arnuch
495 2253 537 2301 ex
546 2233 664 2321 alters,
675 2253 782 2304 eorem
793 2235 889 2302 nobis
899 2235 1113 2321 personaliter
1122 2233 1292 2302 constituti
1305 2234 1404 2300 nobis
1413 2251 1488 2299 ecn-

356 2339 497 2407 corditer
513 2341 682 2409 viueuceis
697 2341 832 2409 oraculo
848 2342 1045 2410 retulerunt:
1066 2339 1154 2425 qued
1180 2361 1253 2409 cnm
1283 2341 1369 2409 inter
1400 2341 1486 2426 ipses
1574 2393 1575 2398 ,

356 2465 455 2532 snper
469 2447 557 2515 fecto
571 2446 711 2516 duarum
725 2447 878 2516 villarum
896 2449 1026 2516 Pechen
1041 2453 1243 2536 vocaturum,
1259 2467 1300 2515 ue
1315 2447 1412 2514 terris
1428 2445 1487 2514 eis·

358 2551 431 2620 dem
445 2555 537 2623 villis
552 2555 681 2638 unexis,
699 2558 867 2626 contencio
892 2575 953 2624 seu
977 2557 1115 2624 muteris
1140 2558 1210 2626 litis
1225 2563 1342 2625 exortu
1369 2554 1485 2622 suisset

355 2667 389 2728 et
400 2661 481 2730 setis
496 2661 554 2730 din
568 2664 738 2749 ventilata,
760 2669 935 2750 partesque
951 2665 1166 2732 instrumente
1195 2684 1255 2732 sue
1263 2714 1273 2750 ,
1289 2663 1409 2750 quibus
1425 2682 1486 2728 me

355 2765 521 2836 dientibus
536 2768 630 2855 ipses
646 2769 746 2838 villus
760 2775 933 2840 tenuerunt
941 2823 952 2858 ‚
979 2789 1089 2838 cerum
1105 2769 1236 2840 dominc
1250 2769 1384 2837 Andrea
1398 2770 1484 2854 Rege

355 2873 524 2961 Hungurie
539 2876 667 2947 illustri
683 2883 797 2946 contre
817 2877 972 2948 exhibere
988 2879 1188 2966 debuissent,
1205 2880 1288 2948 sieut
1301 2876 1338 2944 id
1353 2876 1388 2944 in
1403 2876 1483 2944 litte

355 2982 400 3048 ris
415 2983 560 3052 ciusdem
577 2984 703 3053 domini
718 2984 818 3071 Regis
843 2985 964 3054 elarius
989 2985 1133 3055 vidimus
1149 2985 1325 3055 contineri:
1354 2983 1483 3054 undem
1574 3073 1575 3076 Ἴ

356 3095 467 3175 peries
479 3109 539 3176 per
553 3090 727 3159 arbitrium
741 3091 861 3160 nubilis
876 3092 940 3159 viri
964 3092 1115 3178 Magistri
1129 3091 1292 3161 Dominici
1309 3091 1485 3159 Theuurni·

356 3213 465 3262 cerum
481 3195 585 3281 ipsius
602 3195 725 3266 demini
749 3197 850 3283 Regis
859 3249 869 3283 ‚
896 3217 1039 3267 necnon
1070 3199 1207 3267 eliorum
1223 3195 1388 3268 Beronum
1405 3197 1483 3266 eius

358 3299 441 3388 dem,
457 3322 592 3386 qnorum
618 3305 751 3373 nomine
765 3305 800 3372 in
831 3305 951 3374 litteris
967 3305 1294 3392 composicionulibus
1311 3304 1417 3392 ipsius
1432 3304 1483 3372 dc-

356 3409 436 3476 mini
452 3411 552 3496 Regis
583 3431 682 3498 snper
707 3411 793 3481 fecto
824 3412 977 3482 viilernm
1009 3433 1068 3482 seu
1099 3413 1341 3502 comessionem
1358 3413 1482 3482 Pecben

356 3517 573 3604 predictarum
591 3519 718 3589 habitis
732 3520 817 3588 inter
831 3529 945 3607 partes
971 3521 1198 3610 continentur,
1230 3519 1342 3590 taliter
1358 3539 1482 3590 cencer-

354 3623 503 3714 dessent,
519 3625 608 3694 sicut
622 3627 657 3694 in
672 3626 793 3695 litteris
809 3625 954 3695 eiusdem
971 3627 1094 3696 domini
1126 3627 1243 3714 Regis,
1260 3627 1399 3695 sormam
1414 3649 1482 3698 ecn-

355 3731 466 3799 cordie
480 3733 569 3801 fecte
585 3736 672 3802 inter
689 3734 780 3821 ipsos
797 3735 980 3803 tenentibus
990 3735 1132 3804 vidimus
1148 3735 1245 3822 plene
1261 3737 1420 3804 contineri
1428 3757 1484 3823 per
1574 3723 1575 3728 ’

357 3845 465 3925 partes
481 3839 575 3908 nobis
591 3839 758 3910 exhibitis.
789 3840 932 3920 Quarum
957 3841 1138 3910 litterarum
1169 3843 1481 3931 composieicnnlium
1574 3929 1575 3932 Ἴ

353 3955 498 4015 tenorem
514 3947 558 4015 eri
573 3948 729 4017 maiorem
754 3948 850 4017 buius
875 3950 922 4018 rei
949 3951 1109 4018 cantelam
1141 3951 1348 4036 presentibus
1379 3953 1484 4040 insery

355 4053 491 4122 fecimus
506 4056 577 4124 sine
591 4057 865 4141 cugmentacicne
881 4059 935 4125 uel
963 4057 1182 4126 diminucione
1196 4059 1232 4126 in
1248 4057 1309 4128 hec
1330 4061 1439 4128 uerba.
1573 4083 1575 4144 {

463 4160 532 4229 Nos
548 4161 697 4231 Andreas
712 4165 753 4230 D.
770 4183 818 4248 gr.
833 4167 903 4231 Rex
927 4165 1096 4252 Hungnrie
1112 4167 1174 4234 stb.
1195 4163 1410 4255 (kevetkezik
1425 4164 1481 4233 111.
1573 4159 1575 4222 ἵ

357 4267 468 4336 Endre
483 4267 662 4357 kirtlynuk
681 4271 820 4340 luet-ki
835 4271 1003 4361 ckminya
1028 4273 1110 4342 mint
1137 4272 1271 4342 ientebb
1290 4276 1366 4342 166.
1383 4295 1425 4342 sn.
1440 4273 1480 4361 u)
1573 4331 1575 4348 2

463 4374 568 4461 Igitur
579 4383 771 4462 prenotatis
786 4379 945 4467 Magister
961 4381 1138 4468 Dycnisius
1165 4381 1250 4450 iilius
1266 4379 1401 4446 Arnucb
1416 4401 1482 4467 pre·
1574 4389 1575 4396 ’

355 4478 459 4546 iatam
477 4485 616 4568 pecunie
632 4481 857 4578 quantitatem,
873 4487 1026 4558 videlicet
1042 4490 1200 4557 ducentes
1216 4495 1249 4558 et
1263 4487 1382 4572 viginti
1398 4489 1483 4573 qnin-
1573 4535 1575 4582 3

355 4607 421 4671 que
435 4608 574 4678 marcas,
590 4598 693 4662 totum
709 4593 744 4662 in
760 4601 898 4681 urgente
916 4615 999 4685 puro
1025 4603 1060 4664 et
1077 4596 1162 4685 fine,
1177 4597 1211 4664 in
1226 4594 1480 4682 redempcionem
1571 4589 1575 4654 ἲ
