3180 5202
915 317 1066 418 ..nea-

427 510 562 576 noldum
580 509 666 576 filios
681 509 773 578 llbed
790 511 833 577 ab
850 530 917 578 una
932 517 1035 596 parte,
1054 518 1086 576 et
1102 513 1189 578 iuter
1205 511 1314 579 Kelcd
1339 511 1438 580 tilium
1452 516 1539 584 Kelel

426 618 469 684 ab
486 616 592 685 altera
608 637 717 684 coram
734 617 867 684 domiuo
882 619 973 702 Rege
987 618 1058 684 lieri
1075 615 1197 702 debuit,
1216 618 1435 701 preueuientlc
1448 620 1537 706 ipsun

424 724 608 809 terminum,
620 723 662 790 (le
678 725 847 790 uoluntate
861 725 1018 808 parcium,
1035 729 1124 790 statu
1139 725 1248 809 priore
1279 735 1490 818 permanente,
1502 732 1538 798 al

423 829 630 898 Dominicam
646 832 828 916 proximam
843 836 917 916 post
933 837 1067 898 octenas
1082 830 1275 898 Natiuitatis
1300 831 1400 899 Beate
1415 834 1538 919 Virginis

426 936 471 1004 ad
495 937 664 1004 arbitrium
680 936 834 1002 duximus
850 938 1111 1022 prorogandam
1129 937 1263 1020 quodie
1288 938 1398 1007 Pausa
1412 942 1462 1008 uel
1476 943 1541 1009 llcr

427 1066 543 1114 manus
560 1046 702 1114 (inmites
718 1044 760 1111 dc
776 1045 930 1131 Hermen,
947 1045 1103 1114 Nicolaus
1119 1045 1206 1114 filius
1222 1047 1391 1133 Stephani,
1412 1049 1538 1119 Andreas

426 1153 512 1222 filius
527 1153 646 1240 Eudre,
663 1153 813 1220 Thomas
829 1152 914 1220 filius
929 1153 1033 1240 Moab,
1051 1161 1085 1218 et
1099 1155 1223 1220 Roman
1238 1153 1327 1220 lilius
1337 1153 1474 1240 Banpra
1483 1178 1540 1241 par-

424 1267 458 1329 te
472 1261 636 1346 llemynij,
654 1257 749 1328 onan
765 1257 944 1326 ctReuoldi
954 1259 1191 1345 predictorum
1208 1260 1285 1326 item
1299 1258 1419 1328 Comes
1432 1264 1537 1353 lbani,

424 1371 532 1436 Ponsa
546 1369 630 1436 filius
646 1370 760 1453 Pousa,
778 1367 929 1434 Andrean
947 1368 1033 1436 filiun
1050 1365 1185 1435 Comitis
1209 1369 1310 1454 Petri,
1342 1369 1536 1438 Sebastianus

425 1476 467 1544 de
483 1477 651 1544 Bablunca
666 1481 699 1542 et
714 1475 890 1543 Marcellus
906 1475 948 1543 de
963 1474 1075 1544 Pacha
1089 1495 1149 1560 pro
1175 1483 1268 1562 parte
1294 1476 1437 1543 aduersa
1450 1497 1540 1546 coram

425 1581 575 1667 capitulo
591 1581 700 1650 castri
715 1583 827 1651 Ferrei
844 1581 1088 1650 arbitrabuntur
1102 1583 1187 1650 iuter
1202 1591 1332 1670 partes;
1351 1592 1384 1650 et
1400 1585 1432 1651 si
1446 1605 1539 1652 omncs

425 1690 547 1778 arbitty
563 1692 722 1758 iuteresse
745 1711 810 1756 non
826 1697 972 1776 possent,
990 1698 1129 1774 quatuor
1142 1697 1268 1758 tantum
1283 1711 1326 1757 ex
1349 1692 1471 1759 eisdem
1496 1711 1543 1777 per

425 1803 536 1880 partes
551 1796 640 1861 ducti
657 1795 822 1862 sufficiunt
837 1795 882 1862 ad
897 1795 1067 1864 arbitrium
1084 1795 1281 1864 faciendum.
1300 1797 1343 1864 Et
1358 1800 1386 1863 si
1401 1799 1483 1866 inter
1502 1800 1539 1882 ip

424 1923 477 1971 sos
493 1923 552 1990 per
568 1904 737 1970 arbitrium
752 1903 971 1990 predictorum
987 1903 1131 1971 uircmm
1146 1905 1245 1971 fuerit
1261 1904 1454 1990 ordinatum,
1470 1906 1541 1972 bene

312 2045 316 2050 ·
425 2011 574 2096 quidem
591 2009 788 2094 alioquinin
819 2011 970 2077 Ecclesia
1000 2011 1115 2078 Sancti
1145 2011 1328 2099 Myebaelis
1360 2010 1541 2095 Archangeli

425 2137 534 2186 coram
548 2117 679 2185 domino
694 2119 784 2201 Rege
800 2118 1033 2203 comparebunt
1048 2125 1160 2203 partes
1174 2119 1396 2205 peremptorie
1421 2139 1541 2204 respun-

425 2244 500 2292 surc
516 2233 550 2292 et
564 2244 642 2312 pars
658 2225 700 2290 de
714 2225 846 2292 arbitrio
863 2224 1010 2292 resiliens
1026 2231 1105 2292 ante
1130 2225 1197 2291 litis
1228 2225 1413 2308 ingressum
1443 2225 1539 2292 decem

424 2351 554 2400 marcas
570 2332 697 2398 soluere
712 2333 874 2399 tenebitur
905 2331 993 2417 parti
1024 2330 1196 2398 arbitrium
1228 2331 1402 2399 tolleranti
1430 2329 1540 2399 Serlem

426 2437 556 2522 quidem
572 2457 631 2506 sue
644 2438 897 2523 composicionis
912 2445 1025 2526 partes
1039 2439 1074 2504 in
1089 2439 1206 2507 litteris
1222 2438 1303 2506 dicti
1329 2436 1468 2524 Capituli
1496 2439 1541 2505 ilc

424 2549 513 2616 mino
530 2547 610 2633 Regi
626 2549 847 2634 reportabunt.
863 2547 983 2616 Datum
999 2547 1033 2613 in
1049 2546 1165 2614 (lustro
1196 2548 1316 2615 Ferrea
1347 2545 1381 2612 in
1412 2545 1541 2612 masline

423 2653 615 2722 Natiuitatis
629 2655 732 2721 Beate
747 2653 902 2738 Virginis.

533 2761 749 2830 Httulrbl
782 2761 985 2848 egylroru
1025 2761 1206 2830 irenaei:
1246 2763 1309 2828 Pro
1341 2760 1540 2848 llemyncet

424 2871 578 2938 fratribus
594 2871 663 2938 suis
679 2875 793 2938 contra
808 2869 914 2935 Keleai
931 2889 1029 2955 super
1045 2868 1193 2935 arbitrio.

425 3067 562 3134 (liredetic
579 3063 753 3132 bltrhartyln,
773 3065 890 3130 melyrlll
909 3080 927 3116 a
944 3062 1085 3131 nlrpecset
1104 3062 1163 3116 mbr
1187 3063 1326 3126 labullott,
1346 3079 1364 3116 a
1387 3079 1473 3115 nemu.
1493 3076 1542 3111 mu·
1585 3103 1586 3106 ,

820 3171 899 3206 neum
911 3152 1169 3219 kszirartsrauanp

947 3861 1023 3932 sal.

1584 4013 1586 4064 l

428 4064 674 4150 Terveaykezeai
689 4061 866 4129 interkedea
882 4060 1114 4144 Kelednekfiaa‘
1130 4063 1221 4146 dien,
1237 4064 1294 4128 tit
1325 4061 1466 4151 topdcaal
1494 4063 1541 4123 ai·

521 4163 523 4168 ’
799 4168 967 4236 carnaeae.
985 4145 1034 4234 ab
1050 4167 1165 4234 naua.
1579 4067 1586 4238 l

530 4365 656 4432 Damus
671 4383 729 4450 pro
746 4363 909 4449 memoria,
927 4361 1014 4446 quud
1030 4381 1104 4430 cum
1118 4381 1178 4429 uos
1194 4379 1236 4428 cx
1260 4359 1416 4428 mandato
1431 4356 1541 4426 domiui
1584 4339 1586 4444 ξ

421 4472 520 4559 Regis
536 4481 604 4544 tna
619 4493 692 4540 cum
708 4471 865 4558 Magistro
880 4469 1056 4538 Benedicta
1073 4471 1108 4537 in
1124 4469 1290 4538 comitatu
1306 4467 1413 4536 castri
1436 4465 1540 4532 llerrei
1584 4525 1586 4568 ἐ

421 4578 510 4645 fures
525 4585 559 4644 et
573 4577 799 4646 malefactores
814 4576 1046 4664 indicaremus,
1061 4595 1170 4646 omnen
1195 4575 1335 4663 nobiles,
1360 4574 1540 4658 icbaginucs
1584 4651 1586 4678 4

1583 4697 1586 4750 l

1581 4895 1586 5018 p
