3124 5194
120 1157 152 1223 A
167 1157 535 1243 bereazterclfellreuoizi
550 1160 775 1244 bouventjtlnel:
800 1159 1077 1246 hizoupsclpleuele,
1095 1163 1178 1246 bopy
1197 1159 1256 1224 Ze*
1347 1239 1353 1244 ἡ

117 1263 212 1330 chesi
234 1265 352 1329 Tomos
369 1267 472 1329 ottaui
484 1265 605 1350 polyer·
616 1265 762 1352 hizouyos
779 1267 904 1348 sablejtt
917 1265 1171 1350 Loczle,6-budci
1181 1267 1255 1351 pol·

489 1371 618 1456 pecuale
642 1373 759 1438 elcdto.
777 1371 874 1438 1295.

232 1565 391 1632 Omnibus
408 1564 528 1631 Christi
545 1563 694 1634 fidelibus
719 1572 904 1651 presentem
921 1565 1074 1652 paginam
1092 1565 1253 1633 habituris

124 1674 224 1741 frater
240 1673 404 1757 Georgius
421 1671 514 1740 Prior
528 1677 561 1740 et
576 1673 764 1740 conuentus
784 1671 1023 1740 cruciferorum
1048 1673 1168 1739 Sancte
1182 1673 1254 1738 Tri-

121 1782 236 1849 nitatis
253 1782 294 1848 de
311 1779 435 1846 Calidis
452 1782 556 1865 Aquis
566 1781 706 1850 salutem
721 1782 755 1847 in
772 1781 916 1848 omnium
931 1784 1106 1848 saluatore.
1122 1778 1174 1845 Ad
1187 1779 1255 1848 vni-

120 1907 287 1955 uersorum
312 1895 378 1954 tam
406 1889 611 1974 presencium
637 1909 735 1974 quam
761 1888 942 1958 futuromm
968 1888 1123 1957 noticiam
1139 1889 1255 1954 barum

1 1971 2 2064 J
119 1995 206 2062 serie
223 1995 373 2061 volumus
390 1995 581 2080 peruenire:
599 1996 687 2079 quod
697 1997 839 2064 Thomas
855 1997 941 2064 filius
957 1997 1081 2063 Thome
1099 1995 1255 2062 diotiKa·

1 2175 2 2180 ἵ
121 2103 181 2168 bas
218 2101 260 2168 de
285 2101 413 2169 Zecheu
439 2103 583 2169 concinis
607 2111 716 2170 noster
744 2103 786 2170 de
814 2106 934 2172 eisdem
961 2103 1115 2170 videlicet
1130 2101 1255 2168 Calidis

120 2209 237 2295 Aquis,
254 2228 363 2284 coram
380 2211 474 2278 nobis
491 2211 705 2298 personaliter
730 2213 958 2297 comparando,
974 2211 1140 2296 quandam
1156 2209 1256 2296 parti·

116 2317 230 2384 culam
246 2316 288 2384 de
303 2317 403 2384 vinea
429 2337 507 2402 sua,
529 2318 723 2386 existentem
748 2319 782 2385 in
808 2319 1030 2404 promontorio
1047 2318 1127 2386 ville
1142 2315 1271 2386 Sancti'

121 2425 240 2492 Jacobi
257 2423 291 2490 in
308 2425 441 2510 Wymal
456 2431 592 2508 vocato,
618 2426 835 2494 continentem
853 2425 1254 2512 triaiugerate1·re,vici.·

122 2553 198 2600 nam
216 2539 249 2599 et
265 2531 535 2600 conterminalem
547 2532 642 2600 vinee
659 2531 804 2599 eiusdem
820 2534 944 2601 Tbome
959 2535 1002 2600 ab
1018 2553 1082 2599 uno
1098 2533 1210 2618 latere,
1222 2535 1255 2598 et

123 2640 219 2706 vinee
236 2637 515 2722 Gernngpistoris
526 2637 606 2705 ciuis
623 2638 730 2706 Castri
746 2639 908 2708 Budensis
925 2663 967 2707 ex
982 2639 1058 2725 alio,
1076 2659 1147 2706 oum
1164 2645 1255 2704 terra

120 2747 247 2814 inculta
262 2745 442 2830 pertinenti
458 2745 649 2812 adeundam
659 2745 851 2830 particulam
868 2749 962 2814 vinee
979 2767 1037 2832 per
1052 2747 1117 2814 iam
1134 2745 1253 2811 dictum

118 2852 280 2920 ‘l'homam
298 2849 438 2939 vendite,
464 2850 506 2918 de
522 2871 681 2919 consensu
702 2860 734 2919 et
748 2854 833 2920 bonu
849 2852 1017 2920 uoluntate
1035 2853 1162 2922 domine
1179 2872 1252 2918 oon·

118 2963 217 3029 sortis
235 2980 303 3046 sue,
322 2963 535 3042 cognatorum
553 2978 685 3026 suorum
702 2967 734 3028 et
749 2961 892 3026 omnium
910 2961 1160 3044 generacionum
1176 2977 1253 3025 sua·

121 3089 205 3156 rum,
222 3087 299 3154 ymo
314 3067 448 3152 penitus
464 3067 554 3132 nullo
565 3067 802 3133 contradictore
812 3074 1028 3153 comparente,
1040 3088 1098 3154 pro
1114 3073 1253 3151 quatuor
1348 3101 1350 3104 ·

120 3175 242 3241 marcis
261 3175 357 3260 plene
372 3171 492 3238 habitis
510 3181 542 3240 et
558 3173 706 3260 receptis,
726 3175 816 3240 Lazh
834 3173 874 3239 de
892 3175 1003 3242 Veteri
1018 3173 1122 3259 Buda,
1141 3171 1254 3240 simili·

119 3291 171 3350 ter
188 3291 222 3350 et
237 3280 486 3367 presencialiter
502 3283 711 3366 conparenti,
738 3288 770 3348 et
784 3300 845 3364 per
860 3300 933 3346 eum
949 3300 1082 3348 suorum
1096 3279 1252 3346 heredum
1298 3281 1304 3294 '

117 3388 366 3458 suecessoribus
383 3387 453 3455 iure
469 3395 626 3474 perpetuo
643 3388 947 3456 etinreuooabiliter
963 3389 1136 3457 tenendum
1154 3387 1252 3454 etha-

120 3496 263 3565 bendam
290 3494 475 3562 vendidisse
500 3501 550 3561 est
565 3494 744 3562 confessus.
770 3494 977 3563 Assumendo
1004 3495 1090 3564 idem
1107 3496 1251 3561 Thomas

120 3605 206 3671 lilius
222 3604 345 3670 Thome
360 3603 469 3689 ipsum
484 3602 576 3668 Lazk
602 3609 635 3668 et
650 3621 728 3668 suos
744 3603 880 3670 heredes
897 3603 939 3668 ab
956 3602 1103 3670 omnibns
1120 3601 1251 3670 racione

117 3711 210 3778 dicte
225 3709 386 3796 particule
401 3709 497 3778 vinee
512 3717 545 3776 et
563 3717 648 3778 terre
663 3709 787 3776 inculte
808 3711 981 3777 molestare
997 3729 1054 3778 seu
1070 3709 1253 3793 inquietare

123 3818 306 3886 solentibus
322 3817 462 3905 proprijs
477 3816 644 3886 laboribus
674 3825 706 3884 et
725 3818 878 3903 expensis
888 3817 1092 3906 ‚secundum
1109 3838 1202 3885 usum
1219 3823 1253 3884 et

119 3925 388 3994 consuetudinem
405 3927 447 3994 ab
463 3924 599 4008 antiquo
615 3925 850 4012 approbatam,
877 3926 1030 4013 expedire
1055 3932 1088 3991 et
1101 3924 1251 3990 liberare.

123 4035 160 4100 In
176 4017 269 4101 ouius
283 4033 331 4099 rei
344 4031 534 4100 memoriam
545 4039 799 4118 perpetuamque
808 4031 994 4100 firmitatem
1005 4031 1048 4097 ad
1058 4031 1250 4098 instanciam

119 4150 153 4209 et
167 4141 363 4229 peticionem
378 4140 526 4226 parcium
552 4146 683 4207 nostras
699 4142 922 4208 concessimus
937 4138 1062 4207 litteras
1080 4135 1179 4220 sigilli
1194 4155 1252 4202 no-

118 4251 179 4316 stri
194 4249 373 4317 munimine
388 4247 568 4316 roboratas.
584 4249 707 4314 Datum
721 4267 808 4314 anno
825 4247 955 4313 Domini
970 4244 1091 4313 ΜῦΟΟο
1107 4263 1251 4330 nonage-

118 4357 203 4425 simo
219 4357 342 4441 quinto.
438 4357 443 4364 '

2 4481 5 4484 ὴ
117 4515 260 4585 (Eredetie
274 4514 449 4585 bbrbhrtyhm
463 4515 579 4582 melyrttl
592 4515 668 4568 leber
681 4511 912 4582 selyemnsinbron
926 4529 959 4566 sn
972 4513 1005 4580 ep
1018 4511 1111 4582 pecsbt
1123 4515 1211 4581 rum
1232 4525 1251 4564 ι

439 4607 523 4659 baulai
542 4607 594 4659 lrir.
608 4604 730 4660 hamuel
743 4602 936 4673 lesbltlrrbrn.)
