3180 5202
866 805 944 875 268.

349 965 381 1031 A
398 967 580 1032 Iteresztrsek
597 971 782 1053 eszteryami
797 969 1024 1055 concorporet
1048 970 1195 1054 jelente‘sc
1211 970 1278 1038 III.
1310 971 1407 1037 Eudro
1420 974 1458 1037 lt·
1572 989 1574 996 ⁴

351 1075 488 1160 rdlyiuoz
503 1098 524 1138 a
542 1075 659 1159 Bagou
683 1076 862 1162 helysdpbeo
893 1079 1008 1143 1111111111
1023 1078 1110 1145 tirou·
1133 1079 1329 1165 cogretajeds
1346 1086 1458 1166 to'rppd·

833 1187 905 1248 burt.
917 1187 1012 1250 1500.

459 1339 744 1408 Excellentissimo
761 1343 900 1410 Domino
916 1363 981 1411 suo
994 1293 1126 1412 domino
1142 1343 1271 1412 Andree
1287 1345 1348 1413 Dei
1363 1348 1460 1431 gracia

352 1447 478 1517 Illustri
508 1448 589 1532 Regi
620 1448 789 1532 Hungcrie
820 1451 1006 1518 Conuentus
1046 1451 1285 1518 Crueiserornm
1315 1449 1462 1538 (Ecclesic
1574 1485 1575 1518 r

349 1553 462 1625 Sancti
477 1555 578 1638 Regis
594 1553 767 1642 Stephani)
779 1554 820 1624 de
835 1555 999 1640 Strigonlo
1016 1558 1185 1626 oraciones
1199 1559 1235 1625 in
1250 1559 1394 1627 Domino.
1411 1560 1462 1626 11-

349 1671 420 1733 stre
434 1663 561 1730 nouerit
574 1663 679 1747 Regin
695 1662 941 1750 Celsitudo,n0s
956 1665 1120 1750 recepisse
1135 1667 1264 1734 litteras
1280 1667 1407 1734 Comitis
1423 1667 1464 1734 St.

309 1841 313 1848 ,
349 1767 550 1839 Viceiudicis
566 1769 663 1838 curie
679 1771 873 1840 serenitatis
889 1770 1035 1860 (vestre)
1051 1775 1086 1840 iu
1102 1774 1163 1842 hec
1178 1775 1283 1842 uerba
1300 1799 1307 1839 :

456 1877 543 1944 Viris
559 1877 721 1962 religiosis
736 1879 796 1946 sto.
811 1879 969 1964 llugistro
986 1889 1019 1948 et
1035 1879 1215 1949 Conuentui
1239 1881 1466 1949 Orneilerooum
1574 1867 1575 1870 ¹

349 1989 472 2054 Domus
487 1981 666 2054 Hosnitslis
691 1987 753 2054 stb.
770 1984 811 2056 de
826 1987 990 2072 Strigeuio
1007 1985 1123 2057 eomer
1139 1988 1185 2057 St.
1201 1988 1281 2056 Vice
1296 1989 1469 2056 ,1111111011-
1573 2019 1576 2072 g

349 2097 398 2164 rie
414 2096 474 2163 stb.
501 2093 712 2183 (idvetkezilx
729 2095 841 2162 Istvtn
868 2095 1157 2180 alorsztgbirdnch
1185 2096 1324 2166 1300111
1347 2095 1472 2181 meglrr-
1575 2107 1576 2174 j

349 2222 465 2290 gyssc,
483 2201 566 2266 mint
580 2199 713 2268 fentcbb
730 2203 807 2270 259.
825 2221 869 2269 sn.
886 2199 931 2288 o.)

456 2310 525 2377 Nos
541 2329 617 2378 vero
634 2309 790 2397 peticioni
806 2308 953 2377 eiusdem
969 2309 1103 2378 Comitis
1112 2309 1274 2397 Stephani
1288 2309 1473 2379 satisfacere

349 2415 506 2504 uolentes,
523 2435 596 2484 oum
611 2417 737 2502 prelato
761 2417 911 2484 Johnnne
935 2416 1065 2484 lromine
1089 2424 1198 2486 uestro
1222 2421 1366 2484 nostrum
1381 2415 1475 2484 homi·

349 2542 423 2590 nem
440 2521 637 2606 fidedignum
654 2523 784 2590 nomine
808 2523 1016 2592 Benedietnm
1046 2524 1198 2591 clericum
1222 2524 1296 2590 (lori
1311 2525 1412 2590 nostri
1426 2523 1475 2590 od·

348 2629 509 2716 premissa
531 2629 721 2714 exequenda
736 2651 796 2716 pro
820 2633 1006 2700 testimonio
1022 2632 1207 2699 curarimus
1231 2627 1408 2714 destinar13
1424 2633 1471 2714 qui

348 2737 477 2804 demum
493 2738 534 2804 ad
553 2757 614 2806 nos
630 2738 758 2806 rediens
778 2739 871 2808 nobis
888 2739 990 2806 dixit:
1008 2739 1094 2822 qnod
1104 2739 1191 2807 idem
1201 2738 1371 2806 ‚Iohannes
1387 2738 1474 2804 homo
1522 2803 1527 2816 ,

350 2855 459 2912 nester
474 2845 533 2912 sub
560 2846 744 2914 testimonio
775 2847 918 2914 eiusdem
944 2846 1086 2914 hominis
1117 2847 1219 2914 nostri
1249 2845 1473 2932 1010111111ςί-

350 2961 450 3021 strum
468 2953 575 3020 Zoard
591 2953 623 3020 in
641 2955 884 3040 possessionem
894 2953 1071 3022 eorundem
1081 2953 1219 3022 liliorum
1229 2953 1357 3020 Andree
1367 2953 1474 3041 Bryne

351 3069 501 3130 elocutam
517 3061 550 3126 in
567 3045 679 3128 eodem
697 3063 860 3128 Comitatu
877 3061 1095 3146 strigoniensi
1112 3061 1304 3128 existentem
1320 3081 1381 3145 pro
1396 3060 1474 3127 freto

350 3169 535 3257 principaly
551 3177 583 3236 et
599 3169 732 3236 racione
748 3169 967 3254 predictorum
993 3175 1119 3254 septem
1138 3168 1339 3252 iudiciorum,
1357 3176 1389 3234 et
1402 3169 1474 3233 ello·

351 3297 421 3342 rum
438 3281 563 3361 septem
578 3275 769 3342 iudiciorum
785 3276 962 3344 secundum
980 3275 1204 3342 diuersitalem
1219 3275 1389 3342 cocionum
1404 3275 1475 3341 dieti

350 3383 500 3467 Magistri
515 3384 630 3462 200111,
646 3391 679 3449 et
704 3383 837 3470 insuper
863 3385 998 3452 duorum
1030 3383 1221 3450 iudiciorum
1237 3382 1476 3466 introduxisset,

352 3499 385 3558 et
408 3512 429 3556 a
445 3489 497 3558 dic
512 3492 765 3559 introdneoionis
781 3512 883 3576 usque
901 3490 1212 3576 quintumdecimum
1228 3487 1313 3556 diem
1329 3509 1476 3572 perman·
1573 3555 1577 3560 ,

350 3619 460 3666 surum
477 3599 510 3664 in
527 3599 651 3685 eadem,
670 3599 857 3667 conuocatis
873 3600 1102 3668 commetaneis
1119 3605 1150 3665 et
1166 3598 1292 3685 vicinis,
1308 3597 1343 3663 in
1359 3598 1483 3665 ibidem·

350 3725 391 3771 cx
407 3705 528 3772 eisdem
545 3705 637 3774 nullo
654 3703 894 3774 contradictore
911 3707 1082 3774 existente.
1109 3705 1255 3772 Dixisset
1277 3695 1384 3771 eciam
1399 3704 1474 3770 idem

350 3813 445 3879 homo
462 3820 571 3881 uester
586 3813 685 3880 uerbo
703 3821 809 3882 uestro
825 3814 930 3899 Regio
947 3814 1071 3884 eisdem
1082 3813 1160 3898 filijs
1170 3811 1297 3880 Andree
1310 3817 1343 3878 et
1353 3811 1475 3878 domiue

351 3924 446 3989 matri
463 3920 638 3990 eorundem
653 3923 687 3989 in
713 3923 829 4007 uigilis
845 3921 1072 4008 Apostolorum
1091 3920 1180 3988 Petri
1198 3926 1230 3986 et
1244 3919 1350 4002 Pauli,
1370 3917 1475 3985 uideli-

350 4038 402 4098 cet
417 4029 620 4116 ieriatcroio,
632 4037 667 4097 ut
678 4032 720 4097 ab
731 4031 806 4117 ipse
820 4031 904 4097 seria
920 4031 1021 4098 tercia
1036 4028 1275 4114 quintodecimo
1292 4025 1347 4092 die
1365 4026 1476 4110 (conti-

350 4137 429 4225 nno)
445 4138 660 4223 computando
678 4145 790 4208 eontra
815 4137 922 4225 ipsum
942 4137 1134 4222 Magistrum
1151 4135 1258 4203 Zoerd
1274 4137 1476 4216 compareant

350 4265 461 4314 coram
478 4244 583 4332 uobis,
601 4265 698 4332 super
725 4243 812 4312 facto
830 4245 1004 4331 principali
1030 4243 1243 4330 peremptorie
1274 4240 1475 4325 responsuri;

351 4361 474 4420 stante
490 4355 732 4439 responsionem
749 4372 860 4420 eorum
887 4351 1095 4421 satisfaciant
1120 4350 1161 4416 de
1177 4347 1308 4433 iudieijs
1339 4345 1476 4433 supradi-

349 4459 421 4528 ctis.
444 4461 566 4528 Datum
591 4459 644 4526 die
669 4459 830 4528 dominico
858 4467 933 4546 post
965 4459 1086 4544 festum·
1099 4455 1329 4543 Apostolorum
1344 4454 1435 4520 Petri
1450 4459 1477 4515 et

350 4569 447 4636 Pauli
463 4589 549 4636 anno
566 4567 701 4636 Domini
718 4568 876 4637 M⁰GOCt
