3132 5192
805 307 966 408 „Q

316 496 470 582 uileginm
492 497 615 566 domini
632 501 792 588 Stephani
807 504 907 588 Regis
922 524 988 570 non
1012 503 1241 591 cancellatum,
1267 523 1337 570 non
1364 500 1459 568 abra·

320 625 403 686 snm,
419 625 480 673 neo
495 608 529 673 iu
546 609 658 692 aliqua
683 609 734 674 sni
758 617 852 696 parte
876 612 1042 697 viciatum,
1059 611 1100 680 de
1116 613 1214 679 uerbo
1242 611 1286 678 ad
1322 610 1460 676 uerbum

318 717 526 798 presentibus
557 717 724 806 insertum,
756 721 827 788 sine
861 721 941 788 iuris
973 721 1074 790 alieni
1106 721 1285 809 preludioio
1320 720 1462 787 auctori-

318 826 386 888 tate
402 824 604 906 presencium
620 827 838 894 confirmanus
855 827 995 914 ‹lnpliois
1022 828 1124 914 sigilli
1148 829 1251 897 nostri
1276 827 1463 896 munimine

323 913 518 996 roborando.
534 933 655 998 Datum
671 953 729 1018 per
743 955 860 1001 manus
877 935 1007 1004 disereti
1023 935 1084 1003 viri
1111 936 1261 1021 Magistri
1287 933 1461 1002 Theodori

323 1035 478 1105 Albensis
496 1039 642 1106 Ecclesia
657 1041 818 1126 Prepositi
835 1044 912 1112 aule
927 1049 1038 1112 nostre
1056 1043 1350 1129 vicecancellarij
1380 1041 1461 1108 dile

319 1143 364 1210 cti
379 1151 411 1212 et
426 1146 534 1214 fidelis
549 1151 652 1215 nostri
677 1171 764 1217 anno
787 1151 918 1218 Domini
942 1151 1063 1220 M⁰CC⁰
1086 1153 1300 1238 nonagesimo
1327 1151 1463 1236 quartoi

321 1257 420 1318 sexto
437 1252 597 1324 kalendas
614 1258 802 1326 Deoembris
818 1259 921 1346 Regni
937 1267 1046 1328 antem
1062 1263 1163 1329 nostri
1179 1281 1267 1330 anno
1284 1261 1416 1346 quinto.

325 1448 464 1514 (Eredetio
477 1450 651 1521 borhtrtytm
666 1457 780 1523 melyrb'l
794 1473 810 1508 a
823 1456 915 1526 kirtly
927 1460 1015 1511 kettb's
1027 1457 1205 1526 peesetjenek
1218 1459 1353 1514 tbredeke
1366 1455 1461 1526 sarga-

480 1549 556 1596 rtlrbs
568 1546 797 1614 selyomnsinbron
811 1549 867 1614 urg,
881 1565 897 1600 a
911 1550 962 1601 lrir.
976 1551 1099 1605 marai
1112 1547 1308 1622 levelarbnn).

780 1853 993 1868 m

875 2377 930 2446 ao.

323 2575 386 2644 III.
404 2578 515 2643 Eudae
530 2579 639 2663 kirrilp
656 2579 835 2645 inte'zkedik
850 2601 931 2646 ozon
947 2580 1056 2646 illete'lr
1071 2582 1176 2666 irriat,
1196 2581 1308 2666 malpel
1322 2603 1345 2644 a
1362 2575 1455 2666 april·

324 2689 439 2772 sripeti
464 2686 694 2774 opdozozclr·do
711 2688 891 2754 odmaaedo'i
916 2711 938 2752 a
962 2689 1088 2773 liralyi
1103 2687 1316 2753 Ioodszolrnok
1331 2686 1455 2754 Budare

671 2795 786 2878 fizdoi
801 2798 970 2862 tortoztolr.
988 2797 1086 2860 1294.

434 2992 501 3060 Nos
517 2990 665 3058 Andreas
682 2991 745 3058 Dei
771 2993 882 3074 gracia
905 2995 976 3058 Rex
1001 2993 1173 3074 Hnngarie'
1194 2993 1347 3062 memorie
1370 3013 1453 3062 oom-

326 3100 517 3167 mendautes
534 3097 755 3182 significamus
772 3098 952 3166 vuiuersis:
967 3099 1053 3183 quod
1070 3099 1146 3166 lioet
1161 3099 1246 3168 iuter
1261 3100 1452 3185 Magistrum

327 3206 528 3293 Stephanum
545 3207 764 3274 stabularium
780 3213 925 3272 nostrum
941 3209 1131 3291 fungentem
1149 3207 1220 3274 viee
1235 3207 1360 3275 Mathai
1386 3210 1450 3279 Mu

326 3315 416 3399 gistri
448 3317 636 3400 Agasonnm
662 3321 844 3382 nostrornm
868 3323 901 3381 ot
926 3315 1062 3382 Comitis
1087 3315 1298 3382 Posoniensis
1322 3334 1365 3380 ex
1390 3335 1453 3381 nna

324 3429 436 3509 parte;
462 3429 495 3490 et
509 3424 644 3490 fratrem
662 3422 847 3490 Jobannem
864 3428 1103 3507 procuratorem
1120 3441 1267 3490 soromm
1283 3420 1324 3492 tle
1338 3423 1452 3490 hanla

327 3529 474 3613 Virginis
506 3529 655 3596 Gloriosa
680 3550 720 3596 ex
746 3529 861 3616 altera,
888 3530 1055 3598 oonteneio
1081 3535 1193 3598 exorta
1217 3528 1333 3598 luisset
1356 3547 1454 3616 snper

326 3636 494 3706 solucione
511 3635 605 3703 vuius
620 3657 737 3724 maroe,
756 3657 818 3722 que
834 3657 855 3703 a
872 3637 1050 3721 tributurijs
1065 3635 1242 3706 stabulario
1267 3643 1377 3705 nostro
1401 3637 1452 3704 de

329 3748 423 3814 betur
440 3744 530 3812 iuxta
545 3745 650 3829 Regni
667 3745 767 3812 nostri
794 3743 1069 3830 consuetudinem,
1084 3745 1132 3811 ita
1148 3750 1185 3812 ut
1200 3743 1286 3812 idem
1297 3745 1452 3832 Magister

328 3853 514 3940 Stephanus
531 3874 552 3919 a
568 3852 748 3940 tributarijs
764 3852 921 3920 dictarum
938 3873 1084 3922 sororum
1100 3855 1142 3921 de
1168 3854 1282 3920 Castro
1307 3854 1450 3924 Budensi

326 3969 359 4031 et
375 3960 415 4029 de
429 3963 515 4048 Pest,
531 3981 570 4028 ao
587 3961 823 4047 pertinentibus
840 3962 882 4030 ad
899 3963 1040 4050 eosdem,
1055 3971 1122 4030 tres
1138 3981 1265 4030 mareas
1291 3961 1355 4030 sibi
1381 3961 1451 4030 dari

326 4073 542 4159 postulasset:
557 4079 667 4138 tamen
684 4071 764 4154 qnia
780 4070 927 4138 constitit
942 4072 1038 4140 nobis
1054 4092 1112 4158 per
1127 4070 1304 4156 priuilegia
1320 4077 1352 4137 et
1367 4069 1450 4138 litte·

325 4201 379 4250 ras
395 4180 558 4249 dictarum
573 4199 717 4248 sororum
743 4179 787 4244 ab
813 4178 995 4248 illustribus
1020 4179 1166 4264 Regibus
1191 4176 1449 4266 progenitoribus

325 4291 447 4360 nostris
463 4293 624 4376 optentus,
637 4284 768 4354 nonnisi
784 4305 883 4353 vnam
908 4305 1052 4352 maroam
1077 4305 1137 4372 per
1163 4283 1295 4354 eosdem
1319 4285 1449 4352 tributa,

326 4398 392 4466 rios
409 4396 516 4466 Castri
531 4393 693 4464 Budensis
710 4401 742 4462 et
759 4391 799 4462 ule
829 4395 906 4462 Pest
930 4395 1014 4462 solui
1042 4392 1177 4461 debere:
1203 4393 1375 4461 statuimus
1399 4390 1448 4470 ‹le-

326 4512 506 4593 oerneutes,
522 4503 609 4589 qnod
625 4501 752 4571 nonnisi
769 4523 865 4570 ruam
882 4521 1024 4568 maroam
1040 4500 1191 4587 paranni
1216 4499 1372 4568 oirenlnm
1396 4498 1449 4567 tris

326 4613 447 4708 butarij
467 4613 628 4688 dictarum
642 4631 790 4682 sororum
806 4611 840 4681 in
860 4615 967 4682 castro
983 4609 1126 4680 Budensi
1152 4615 1185 4680 et
1209 4609 1242 4677 in
1268 4607 1348 4690 Post
1374 4607 1452 4684 otis·
