3180 5202
578 419 581 424 .
614 348 774 450 mu..

111 541 266 608 ‹luamm
283 540 436 609 villarum
452 539 642 628 Ketpeoben
657 549 847 610 voratarum
863 546 898 612 in
913 545 1062 613 terminis
1078 550 1261 633 suprascri-

118 647 194 736 ptis
209 646 309 715 modo
326 651 359 714 et
382 647 494 716 ordine
519 648 690 734 prehabito
706 649 851 736 predioto
869 645 986 720 comiti
1006 651 1116 720 Erdeu
1133 653 1166 720 iu
1181 676 1258 740 quo·

122 755 209 822 libet
224 755 362 822 termino
377 755 554 824 soluoionis
571 776 683 824 ¹eoram
702 757 797 826 nobis
821 760 1034 845 personaliter
1058 765 1260 849 comparenti

116 868 161 930 et
176 861 350 948 recipienti
365 863 513 949 plenarie
528 865 684 950 persoluit
708 870 741 934 et
757 865 847 933 dedit
864 886 973 934 eoram
992 867 1105 956 nobis,
1123 875 1154 936 et
1170 868 1257 938 idem

1 1024 2 1032 ,
114 973 244 1041 Comes
261 972 371 1040 Erdeu
395 973 430 1039 in
454 973 591 1040 termino
619 973 736 1040 ultime
765 975 943 1044 soluoionls
973 976 1070 1044 modo
1095 983 1126 1044 et
1142 977 1282 1052 ordine,

118 1083 311 1148 litterarum
337 1079 659 1166 oomposioionalium
679 1079 803 1147 domini
827 1079 960 1148 Andree
985 1082 1085 1166 Regis
1100 1083 1258 1168 prediota-

122 1210 219 1274 rum,
236 1189 347 1254 omnia
362 1187 556 1273 priuilegia,
580 1187 736 1255 videlieet
760 1187 882 1255 domini
906 1187 1065 1274 Ladlzlay
1090 1191 1256 1274 quondam

114 1298 232 1382 ,Regis
248 1295 417 1380 Hungarie
432 1294 516 1362 bone
532 1301 567 1360 et
582 1295 669 1361 olare
693 1295 865 1380 memorie,
896 1295 1016 1363 nobilis
1031 1297 1093 1364 riri
1110 1299 1259 1384 Magistri

123 1405 255 1491 Vgriui,
271 1403 417 1490 Capituli
442 1402 589 1470 Eoelesie
613 1401 773 1470 Budeusis
784 1453 795 1490 ,
823 1409 855 1471 et
869 1410 1013 1472 nostrum
1033 1405 1258 1494 priuilegium,

116 1513 247 1596 -quibus
262 1511 483 1578 mediantibus
500 1509 588 1578 dioto
602 1511 827 1596 possessiones
844 1511 1056 1598 Kethpeeben
1072 1532 1145 1579 eum
1162 1514 1258 1581 terris

115 1619 192 1686 :sibi
207 1618 357 1704 annexis,
374 1617 504 1684 rasione
524 1615 614 1682 mille
637 1637 822 1685 marearum
847 1617 950 1686 eidem
967 1617 1083 1686 comiti
1101 1617 1209 1686 Erdeu
1224 1629 1258 1685 et

116 1726 197 1793 suis
213 1725 386 1792 heredibus
410 1743 470 1810 per
495 1721 618 1792 dietum
645 1723 837 1810 Magistrum
859 1724 1017 1808 Vgriuum
1036 1725 1112 1793 date
1126 1725 1258 1795 inerunt

124 1837 161 1900 et
187 1831 318 1917 collate,
333 1831 415 1898 sieut
430 1830 464 1896 in
481 1829 604 1898 eisdem
620 1829 806 1916 priuilegijs
822 1833 916 1917 plene
932 1830 1073 1900 vidimus
1088 1835 1257 1920 eontinori,

122 1961 240 2008 eoram
255 1939 349 2006 nobis
363 1937 504 2006 restituit
518 1937 552 2004 in
567 1957 684 2004 manus
700 1937 850 2024 Magistri
866 1939 1017 2026 Dyonisij
1034 1941 1208 2026 prenotati,
1225 1952 1257 2008 et

1 2085 2 2092 κ
122 2050 260 2134 insuper
276 2046 385 2114 omnia
405 2045 619 2112 instrumenta
644 2064 703 2112 seu
719 2045 845 2114 litteras
860 2047 1097 2134 salomonque,
1113 2054 1181 2114 tum
1196 2050 1257 2116 Re·

122 2157 200 2241 glas
217 2174 315 2240 quam
331 2154 436 2235 alias,
453 2159 484 2219 et
508 2151 696 2236 specialiter
716 2152 883 2239 predictas
913 2153 1039 2224 litteras
1055 2152 1179 2222 domini
1194 2155 1258 2222 An-

122 2265 206 2332 dree
220 2261 319 2347 Regis
336 2259 634 2346 oomposioionalos,
648 2259 736 2327 idem
765 2260 880 2330 Comes
904 2263 1013 2332 llrdeu
1038 2282 1148 2332 eoram
1163 2263 1258 2331 nobis

123 2371 269 2440 restituit
284 2369 327 2435 ad
342 2368 540 2435 cassandum
549 2418 558 2452 ,
588 2374 621 2435 et
636 2368 683 2436 sio
707 2367 873 2454 predictas
898 2370 1124 2457 possessiones
1138 2371 1257 2458 Ketpe-

123 2480 211 2546 obeu
228 2483 373 2559 nudatas,
389 2495 462 2544 oum
478 2475 572 2544 terris
581 2477 775 2562 arabilibus,
794 2477 899 2565 siluis,
916 2479 1030 2567 pratis,
1048 2499 1088 2547 ao
1104 2479 1178 2564 alijs
1188 2479 1256 2546 suis
1310 2469 1314 2484 ’

123 2585 334 2673 utilitatibus,
350 2591 447 2670 prout
463 2584 527 2650 sibi
543 2582 619 2650 date
634 2585 767 2651 fuerunt
776 2637 785 2672 ,
806 2592 840 2653 et
854 2585 1031 2654 seeundum
1047 2585 1132 2671 quod
1148 2585 1254 2671 ipsum

121 2693 317 2778 tangebant,
335 2697 367 2758 et
382 2689 468 2758 idom
485 2691 643 2778 possedit,
659 2690 764 2759 dietus
780 2693 894 2761 (lomes
908 2692 1017 2760 Erdeu
1042 2693 1132 2760 dedit
1147 2711 1257 2762 eoram

121 2802 222 2869 nobis
239 2797 389 2886 astando,
407 2797 540 2886 dimisit,
566 2795 702 2865 tradidit
718 2805 751 2866 et
767 2799 904 2866 eontulit
935 2798 1081 2887 predioto
1096 2800 1256 2885 Magistro

83 2984 93 3002 ·
123 2905 288 2994 Dyonisio
303 2912 336 2975 et
351 2906 420 2974 suis
436 2903 610 2974 heredibus
625 2904 843 2990 heredumque
852 2927 986 2974 suorum
1001 2907 1256 2988 suecessoribus,

119 3016 197 3102 jnre
212 3012 419 3102 hereditario,
434 3012 717 3101 inreuooablliter,
733 3021 911 3100 perpetuo,
936 3015 1071 3100 pauidos
1087 2999 1255 3100 possiden·

1 3191 2 3196 ,
121 3125 197 3210 das,
213 3121 373 3193 tenendas
397 3127 429 3188 et
452 3120 643 3208 habendas,
678 3121 768 3188 nullo
781 3123 854 3207 jnro
884 3119 1019 3206 dominlj
1035 3120 1122 3188 idem
1139 3121 1255 3188 Oomes

124 3230 236 3299 Erdeu
251 3228 314 3298 sibi
330 3233 363 3296 ot
378 3227 446 3298 suis
462 3227 602 3312 posteris
617 3227 653 3294 in
668 3227 791 3296 eisdem
816 3227 906 3296 villis
922 3248 981 3296 seu
996 3227 1256 3313 possessionibus

122 3337 317 3426 Kalpeeben
333 3355 373 3401 ao
388 3335 542 3402 atinentis
559 3333 646 3424 (lgy)
663 3335 840 3404 earundem
857 3343 1033 3406 reseruata
1049 3337 1088 3402 Iu
1105 3337 1196 3402 ouius
1206 3337 1255 3402 rel

123 3445 315 3516 memoriam
330 3447 499 3530 presentes
515 3445 737 3511 concessimus
752 3445 880 3513 litteras
896 3443 1000 3530 sigilli
1024 3442 1126 3513 nostri
1153 3443 1257 3510 muni·

124 3556 212 3624 mine
228 3554 407 3620 roboratas.
426 3551 547 3618 Datum
563 3570 622 3636 per
642 3571 757 3621 manus
773 3550 907 3620 disereti
932 3551 995 3620 riri
1010 3545 1159 3636 Magistri
1174 3551 1255 3620 Her-

122 3663 184 3730 rioi
200 3661 345 3730 bleolesie
359 3666 468 3727 nostre
484 3659 631 3727 Leotoris
640 3710 650 3746 ,
683 3680 770 3727 anno
800 3660 933 3727 Domini
957 3661 1002 3727 M⁰
1017 3660 1254 3729 treoentasimo.

117 3772 280 3857 Magistro
295 3767 466 3836 Dominioo
481 3767 663 3856 Proposito,
679 3766 838 3853 Magistro
853 3766 1005 3836 iohanne
1021 3766 1171 3850 (lentore,
1198 3765 1256 3834 Oe·

120 3900 212 3968 pano
228 3874 383 3958 cmtoue,
401 3872 549 3942 Oliuerio
567 3875 732 3943 Waeieusi
741 3927 751 3963 ,
775 3875 913 3944 Micelae
928 3873 1100 3961 Pestlensi,
1117 3860 1256 3943 Nioolao

114 3981 396 4070 dlbangradieusi,
412 3979 573 4065 Agustino
588 3981 630 4048 de
644 3980 813 4070 Zigetseu,
839 3981 979 4049 Geblino
995 3980 1037 4048 de
1051 3981 1179 4049 Zolnuk
1195 3983 1255 4050 Ar·

115 4091 357 4181 obydiaoouis,
389 4089 567 4172 celsusque
591 4089 739 4176 pluribus
774 4089 946 4157 Canonioir
977 4087 1193 4158 existentibus
1218 4091 1253 4157 iu

1 4242 2 4248 κ
122 4199 274 4269 Eoolesia
289 4198 390 4266 Beato
405 4195 560 4281 Virginis,
577 4197 648 4266 Deo
662 4197 827 4266 humiliter
836 4197 1068 4266 famulantibus
1080 4181 1117 4266 'et
1126 4197 1254 4266 deuote.

1 4411 2 4416 ,
120 4363 159 4430 (Α
171 4357 251 4413 vberi
262 4355 453 4427 liptalannalr
467 4361 546 4413 1381.
560 4360 674 4423 ,nobilis
686 4365 714 4415 et
723 4362 850 4414 honestus
860 4364 903 4412 uir
915 4361 1047 4432 Magister
1059 4359 1166 4412 bruach
1180 4359 1253 4414 lilius

120 4456 242 4523 Dyonisi
255 4453 304 4519 filij
325 4453 439 4504 condam
452 4453 565 4506 Comitis
587 4452 712 4506 Amueb'
737 4451 860 4506 aereaere
878 4469 910 4506 az
932 4451 961 4517 uj
976 4449 1097 4521 psosdtje
1109 4451 1180 4504 alatt
1193 4452 1253 4504 kla-

123 4547 182 4598 dott
194 4541 363 4607 dtlratabbh
376 4543 502 4608 melybsu
525 4545 620 4596 eaelret
632 4543 775 4608 olrassuk3
796 4545 882 4613 ,quod
907 4557 969 4594 eum
991 4542 1114 4608 sigillum
1127 4546 1251 4595 nostrum

1 4629 3 4660 ‡
118 4637 198 4703 prius
208 4641 236 4688 et
249 4635 392 4702 antiquum
404 4649 453 4702 per
465 4633 588 4703 iniquam
600 4636 833 4688 maeblnaeionem
843 4637 1073 4700 ingenuosamque
1091 4633 1253 4685 labrleaoio·

961 4711 965 4726 ’
1018 4721 1090 4792 26*
