3234 5194
859 267 1006 367 *m*

364 453 481 536 ptibus,
499 455 660 522 laboribus
676 467 707 523 et
723 460 875 544 expensis
892 461 1073 546 emendare,
1106 461 1245 528 liberare
1272 467 1306 525 et
1333 456 1522 542 expedire.

365 559 436 643 (V)t
451 559 547 644 igitur
563 584 603 628 ne
614 565 701 649 longi
713 566 864 650 temporis
882 567 1001 632 obliuio
1018 589 1074 634 scu
1092 565 1239 634 decursio
1252 566 1341 633 banc
1353 571 1427 629 tam
1447 565 1518 629 soi·

364 665 523 751 iempnem
535 678 742 758 contractum,
756 671 955 756 empcionem
982 695 1038 740 seu
1051 675 1276 740 vendicionem
1303 669 1519 758 possintuel

365 774 496 840 valeant
512 777 544 841 in
562 775 686 844 irritum
704 801 761 865 per
777 782 965 865 quempiam
989 783 1172 866 retractari,
1190 788 1319 848 nostras
1337 777 1517 846 concessi-

365 900 433 946 mus
450 881 575 951 litteras
590 907 648 972 pro
674 887 836 971 peticione
851 889 996 974 parcium
1021 897 1230 972 utrarumque
1255 887 1369 972 sigillo
1396 887 1516 952 nostri

364 983 548 1056 Conueutus
565 994 741 1060 munimine
757 996 936 1061 roboratas.
954 995 1074 1062 Datum
1102 1015 1189 1062 anuo
1216 995 1349 1062 Domini
1377 991 1516 1058 M⁰CC⁰

365 1099 587 1179 nonagesimo.

364 1292 500 1353 uErsdctie
515 1291 677 1360 bb'rirdrtydu
692 1334 697 1358 ,
712 1294 970 1362 uirga-iboiynsniuii
995 1299 1028 1364 dp
1054 1299 1139 1365 sttggb'
1163 1297 1253 1368 qrecsbt
1268 1299 1358 1360 alatt3
1373 1313 1391 1346 a
1417 1295 1510 1346 budai

739 1387 789 1436 kir.
801 1387 922 1438 kamarai
936 1385 1113 1440 levdltdrban.

813 1674 1025 1684 ——---—-.,..

888 2214 940 2282 lu.

364 2405 393 2474 A
412 2411 503 2473 zoioi
519 2410 714 2477 toososoonet
730 2414 1002 2499 bizooyodpieueie,
1021 2417 1104 2502 kopp
1120 2415 1241 2481 strictus
1265 2437 1378 2492 comes,
1406 2409 1499 2478 aaut

363 2517 425 2580 hdo
433 2517 551 2600 fierualt
575 2529 704 2606 duoeppe
724 2522 878 2589 ottaroou
894 2524 1046 2608 beiysdpet
1067 2521 1173 2588 octos
1187 2523 1353 2588 commocio
1377 2519 1496 2585 elcdta.

813 2628 910 2694 1290.
935 2629 1039 2694 turdi.

469 2818 537 2890 Nos
554 2825 737 2892 conuentus
748 2826 788 2892 de
797 2826 877 2893 Zeia
888 2826 1002 2892 damus
1014 2844 1072 2910 pro
1084 2826 1250 2909 memoria,
1261 2822 1350 2908 quod
1361 2819 1493 2888 domina

360 2929 475 2998 relicta
492 2930 627 2998 Comitis
643 2933 785 3018 Nicoiay
811 2931 869 3017 filij
890 2933 984 2999 Gbak
1003 2933 1086 2998 Bani
1102 2935 1145 3000 ab
1162 2953 1228 3000 uua
1245 2938 1351 3018 parte,
1379 2940 1413 2997 et
1427 2933 1484 2998 La·

361 3037 486 3106 diuisus
502 3039 589 3106 filius
605 3037 776 3122 Boroebey
792 3058 849 3122 pro
866 3038 997 3106 dominu
1013 3059 1072 3106 suo
1089 3037 1215 3106 Gemite
1230 3039 1341 3107 Ochus
1370 3041 1414 3105 ab
1440 3039 1485 3104 al-

361 3153 432 3212 tera
446 3164 553 3212 coram
569 3143 662 3213 nobis
678 3143 893 3231 personaliter
908 3146 1112 3230 astantibus3
1139 3146 1252 3214 eadem
1269 3145 1405 3211 domina
1420 3165 1488 3230 por·

360 3251 486 3318 cionem
519 3271 611 3318 suam
644 3253 677 3317 in
710 3249 916 3336 possessione
956 3251 1112 3318 Oituruch
1143 3259 1273 3340 uocata,
1306 3257 1410 3317 totam
1441 3249 1488 3318 di·

362 3360 412 3426 xit
436 3357 625 3426 vendidisse
657 3355 774 3424 Comiti
790 3354 901 3424 Ochuz
916 3377 974 3442 pro
999 3365 1089 3424 tenta
1113 3358 1263 3444 pecunia,
1280 3379 1342 3445 pro
1369 3365 1490 3440 quauta

361 3467 424 3530 viri
454 3465 547 3550 probi
579 3472 610 3530 et
640 3464 771 3530 discreti
807 3462 850 3527 ad
880 3464 941 3529 hoe
972 3461 1172 3548 prouocandi
1203 3472 1280 3532 ante
1305 3465 1487 3550 proximum

362 3570 448 3636 diem
474 3571 584 3636 Sancti
609 3568 740 3636 Martini
770 3569 964 3637 contessoris
989 3571 1120 3638 iusticia
1144 3571 1307 3639 mediante
1338 3579 1489 3658 poterunt

363 3676 523 3745 estimare.
541 3678 707 3746 Predietus
723 3679 835 3761 itaque
850 3679 1022 3747 Ladialaus
1039 3701 1099 3765 pro
1117 3681 1248 3748 domiuo
1277 3700 1335 3748 suo
1365 3681 1487 3747 (inmite

362 3785 472 3855 chuz
488 3785 549 3872 ipsi
574 3784 703 3853 domine
734 3785 890 3868 percoluit
919 3786 1061 3869 quinque
1093 3809 1222 3856 marcas
1253 3789 1288 3853 iu
1320 3789 1482 3855 racionem

358 3893 521 3980 porcionis
538 3895 754 3978 possessionis
769 3899 954 3960 memorate.
991 3893 1146 3964 Attamen
1171 3897 1321 3962 omnibus
1347 3894 1483 3962 occasio-

322 4023 326 4032 ’
361 4002 459 4069 nibus
475 4001 663 4088 postpositis
688 4001 720 4066 in
750 4001 896 4082 sequenti
928 4007 1044 4068 oetam
1071 4001 1183 4068 Sancti
1209 4003 1343 4070 Martini
1371 4004 1480 4070 Comes

361 4096 471 4196 O‘cbua
486 4127 627 4214 precium
646 4126 716 4195 siue
733 4143 862 4192 censum
879 4129 980 4192 totum
1006 4125 1150 4209 predicte
1176 4130 1406 4219 possessionis,
1430 4153 1485 4219 pro

361 4243 483 4320 quanto
499 4235 710 4319 estimabitur,
735 4239 861 4299 tenetur
885 4233 1066 4318 persoluere
1092 4253 1201 4300 coram
1232 4237 1328 4304 nobis
1360 4241 1484 4310 domine

361 4341 542 4427 antedictc;
558 4349 589 4408 et
605 4341 633 4408 si
649 4340 710 4408 sub
726 4341 838 4421 aliqua
854 4337 966 4403 fraude
982 4340 1164 4421 persoluere
1190 4343 1383 4430 negligeret,
1398 4351 1482 4416 omit·

361 4460 407 4518 tet
422 4449 593 4534 pecuniam
610 4449 699 4534 prius
716 4448 924 4531 persolutam,
944 4439 974 4510 et
984 4447 1185 4530 postmodum
1197 4452 1347 4534 predicta
1358 4456 1480 4524 dominu

361 4561 513 4642 cuiquam
530 4556 676 4641 voluerit,
693 4554 928 4640 possessionem
946 4571 1038 4619 suam
1064 4556 1245 4640 predictam
1270 4561 1409 4630 liberam
1432 4565 1481 4632 ba·
