3146 5192
888 319 1049 436 Q
1079 309 1084 314 .

403 531 487 594 trum
502 525 646 613 ipsorum
663 525 797 594 consilio
812 533 846 594 et
861 527 1053 614 Apostolico
1077 527 1247 614 pletudinc
1270 529 1443 616 potestatis
1457 546 1514 616 pre

401 635 527 702 fieimns
542 635 578 702 in
593 633 880 721 Arcbiepiseopum
896 643 929 703 et
943 641 1118 723 pastorem,
1133 657 1243 705 curam
1269 645 1303 704 et
1327 638 1516 706 administra·

401 743 521 811 tionem
536 742 640 827 ipsius
656 740 717 808 tibi
731 739 765 807 in
780 740 1008 827 spiritualibus
1023 747 1057 810 et
1071 744 1308 830 temporalibus
1324 747 1514 814 committen-

402 857 466 936 tes,
481 849 603 935 tibique
613 847 771 916 facientes
781 846 1068 940 perssvenerabilem
1083 851 1220 920 trabem
1237 860 1383 922 nostrum
1399 853 1516 938 blllpi

401 979 535 1047 scopum
550 961 761 1027 Portnensem
773 980 887 1028 munus
904 963 1160 1030 consecrationis
1176 962 1320 1048 impendi
1331 987 1340 1050 ;
1351 963 1515 1032 firmacon·

401 1077 495 1157 cepta
510 1067 630 1137 fiducia
654 1066 742 1152 quod
765 1065 927 1154 dirigente
952 1071 1092 1139 Domino
1116 1076 1210 1138 aetus
1235 1078 1310 1139 tuos
1337 1071 1444 1139 eidem
1469 1071 1515 1138 Ja-

399 1178 510 1246 drensi
526 1175 675 1245 Ecclesie
690 1196 750 1262 per
766 1183 855 1244 tuam
871 1177 1033 1247 curiosam
1049 1179 1226 1266 solertiam,
1252 1186 1409 1265 tuumque
1433 1178 1515 1245 mini·

399 1285 533 1352 sterium
559 1281 738 1352 studiosum
762 1283 894 1352 honoris
920 1290 952 1352 et
974 1284 1200 1372 prosperitatis
1226 1285 1430 1374 multiplicis,
1455 1285 1515 1351 Deo

399 1390 550 1479 propitio,
568 1389 755 1459 desiderata
769 1393 968 1476 proueniant
985 1393 1194 1460 incrementa.
1210 1391 1354 1478 Ideoque
1378 1392 1515 1460 lratemi·

398 1501 460 1566 toti
475 1506 531 1566 tue
547 1518 605 1584 per
619 1499 812 1586 Apostolica
828 1501 952 1586 scripta
976 1499 1192 1587 mandamur;
1218 1507 1378 1584 quatenus
1403 1501 1515 1569 nostris

401 1615 433 1674 et
447 1607 637 1696 Apostolice
662 1607 757 1675 Sedis
774 1609 990 1696 beneplacitis
1005 1611 1065 1678 sub
1090 1618 1239 1696 prompte
1266 1607 1454 1676 humititatis
1476 1607 1513 1673 os-

397 1716 470 1784 ficio
487 1723 520 1783 te
534 1723 700 1802 coaptans,
727 1723 760 1782 et
785 1723 970 1784 reverenter
994 1717 1175 1803 suscipiens
1199 1718 1385 1803 impositum
1411 1736 1432 1781 a
1455 1718 1513 1781 Do

397 1823 484 1890 mino
499 1825 559 1891 tibi
575 1844 667 1902 onus,
689 1824 836 1891 ciusdem
851 1823 1021 1893 ledrensis
1047 1823 1197 1892 Ecclesie
1222 1844 1331 1891 curam
1347 1823 1512 1891 sollicitam

400 1951 512 2017 gerere
553 1931 706 2018 studeas,
733 1934 869 2018 eiusque
900 1951 1020 2000 vacare
1053 1931 1253 2018 profectibus
1283 1952 1348 1998 non
1379 1931 1511 2014 omittes,

397 2059 530 2124 gregem
547 2039 751 2106 Dominionm
768 2044 821 2108 tue
831 2041 866 2106 in
876 2039 935 2106 illa
945 2039 1134 2107 discretioni
1145 2040 1364 2128 commissum,
1374 2039 1511 2108 doctrina

397 2145 489 2216 verbi
515 2152 547 2213 et
562 2147 669 2234 operis
685 2147 902 2234 informando,
929 2150 976 2214 ita
1000 2146 1086 2232 qnod
1101 2147 1175 2234 ipsa
1200 2147 1354 2214 Ecclesia
1386 2167 1441 2234 per
1464 2153 1511 2212 tue

396 2254 563 2338 diligentie
579 2253 721 2322 studium
737 2255 957 2324 laudabilibus
974 2255 1008 2321 in
1024 2256 1256 2342 spiritualibus
1281 2261 1315 2322 et
1337 2253 1510 2339 temporali·

396 2366 456 2432 bus
471 2363 515 2430 ad
532 2362 642 2430 Divini
659 2363 799 2431 nominis
819 2363 959 2447 gloriam
982 2368 1156 2447 consurgat
1180 2363 1376 2446 augmentis.
1400 2363 1506 2428 Datum

393 2471 543 2556 Anagnis
559 2470 662 2536 XVII.
688 2471 849 2538 kalendas
865 2471 944 2540 Julii
961 2471 1170 2538 Pontificatus
1185 2473 1288 2538 nostri
1299 2491 1384 2537 auno
1396 2471 1505 2554 quinto.

501 2580 637 2648 luem.
663 2577 813 2666 Capitnlo
838 2578 987 2648 Ecclesie
1012 2577 1195 2664 Jadrensis,
1221 2577 1315 2645 Olero
1343 2583 1375 2644 et
1397 2577 1505 2665 popnto

395 2683 546 2755 Ciuitatis
562 2694 595 2754 et
610 2687 760 2756 Diocesis
775 2685 956 2775 Jadrousis,
983 2687 1117 2754 vasallis
1134 2694 1166 2752 et
1185 2686 1347 2754 uniuersis
1363 2689 1504 2770 suffraga-

392 2795 464 2862 nois
480 2795 628 2862 Ecclesie
643 2793 821 2864 Jadrensis.

393 2991 529 3060 (Theiuer,
542 2991 644 3050 Vetera
656 2992 833 3044 Monumenta
845 2991 989 3045 Slnvorum
996 2991 1216 3044 Meridionalium
1226 2991 1369 3044 historiam
1378 2989 1502 3042 illustran-

824 3084 864 3134 tia
877 3083 898 3134 1.
912 3083 968 3136 kot.
984 3085 1043 3133 uro.
1058 3081 1088 3147 1.)

848 3331 1068 3347 ψ

912 3827 990 3908 216.

397 3993 486 4063 VIIL
517 3997 675 4086 Bonisdca
700 3999 795 4088 pcipe
812 4021 852 4067 ar
882 4001 978 4068 eroli
999 3997 1173 4087 patriamne
1203 3996 1425 4068 lustrarat
1453 3993 1496 4080 jo·

764 4109 842 4175 drar‘
856 4111 1011 4176 tractante.
1037 4107 1136 4174 1299.

492 4305 681 4373 Bonilaeins
706 4305 888 4392 Episcopus
914 4326 1028 4374 servus
1055 4324 1222 4374 servorum
1247 4302 1310 4372 Dei
1334 4297 1494 4372 venorabili

387 4407 480 4476 sratri
495 4409 619 4481 Jacobo
634 4413 888 4502 Arcbiepiscopo
904 4413 1072 4502 Jadrensi,
1089 4414 1232 4483 salntem
1247 4411 1493 4498 etApostolicaru

388 4516 652 4588 benedictionem.
678 4521 757 4588 Cum
789 4523 945 4610 palleum,
970 4524 1104 4609 insigne
1134 4521 1289 4589 videlicet
1313 4513 1494 4606 pontificalis

385 4623 494 4716 officii,
510 4646 532 4694 a
546 4629 640 4698 nobis
657 4651 728 4700 cnm
745 4651 796 4718 ea,
813 4651 879 4718 qua
895 4633 1013 4719 decuit,
1030 4631 1189 4701 instantia
1207 4619 1493 4714 postulassemus
