3146 5192
509 291 513 306 '
629 319 694 386 sor>
738 303 775 410 J

188 515 265 596 Mus
286 517 384 602 igitur
399 517 499 584 iustis
525 516 745 600 peticionibus
773 515 874 600 ipsius
908 513 1056 600 Magistri
1073 516 1226 604 Rurlrusij

38 702 44 721 .
80 622 322 690 incurabiliter
353 623 522 704 inclinati;
549 623 627 708 quin
652 625 874 709 inspeximus,
899 624 992 708 ipsos
1016 623 1143 692 litteras
1159 645 1222 692 uon

75 731 301 816 cancellatas,
318 753 382 798 uon
397 732 546 814 abrasas,
565 751 625 798 nec
641 733 676 798 in
692 731 806 814 aliqua
833 729 885 800 sui
900 737 993 818 purte
1009 731 1161 818 uicintas,
1178 737 1222 796 tc-

75 858 188 906 norom
207 840 394 906 earundem
411 838 452 905 do
478 839 579 904 uerbo
597 839 641 906 ud
666 837 811 917 uerbum,
826 837 1035 924 presentibus
1057 837 1157 904 inseri
1173 839 1220 904 io·
1310 907 1315 917 ,

74 948 227 1032 cientes,
247 945 477 1035 n(u)ctoritate
496 949 703 1033 presencium
735 948 965 1014 confirmamus
991 946 1155 1034 dupplicis
1180 949 1221 1016 si-

36 1042 37 1047 *
76 1052 149 1138 gilli
165 1057 283 1122 nostri
302 1053 481 1122 munimine
513 1056 706 1122 rhorcudo.
740 1057 862 1122 Datum
880 1075 938 1140 per
955 1074 1070 1122 munus
1086 1054 1221 1122 discreti

78 1161 136 1226 uiri
154 1160 317 1246 Magistri
344 1164 495 1248 Gregorij
530 1163 685 1230 Alliensis
717 1162 866 1230 Reclusis
885 1163 990 1230 ercti
1020 1163 1224 1230 auleuostre

41 1318 44 1326 .
76 1267 378 1355 rice-cancellorij
406 1270 517 1336 dilecti
545 1279 578 1336 et
595 1270 700 1338 fidelis
718 1271 819 1336 nostri
836 1291 922 1338 snuo
947 1270 1079 1338 Domini
1103 1271 1219 1356 mplle

77 1376 159 1444 simo
177 1377 256 1443 00⁰
282 1376 494 1460 nonagesimo
521 1385 657 1462 octono,
689 1377 803 1461 quinto
829 1376 902 1444 idus
920 1377 1069 1462 lanuarij
1081 1429 1089 1462 ,
1116 1379 1220 1462 Regni

79 1491 190 1552 autem
208 1484 320 1550 nostri
337 1503 422 1550 nuno
441 1493 568 1552 octauo.

84 1679 231 1742 (Rrodstio
243 1678 422 1748 borhtrtylrn
436 1681 549 1748 molyrhl
564 1678 686 1750 skirtly
699 1682 790 1738 hettilo
802 1677 922 1750 psosttjo
937 1682 1092 1736 vitriis-sold
1106 1683 1223 1749 eolyom-

263 1767 390 1822 cointron
401 1769 470 1838 iilgg
489 1787 526 1838 3⁸
536 1772 621 1824 hodsi
633 1773 686 1823 lrir.
699 1771 825 1824 kumsrsi
838 1769 1030 1840 loviltlrhrn.)

620 2593 695 2661 189.

88 2782 150 2852 ΠΙ.
166 2787 284 2854 Eudrc
297 2789 405 2876 circlo
425 2787 602 2856 Guthkelod
616 2792 847 2874 mmctrtpheli
862 2791 974 2861 Ismuc
989 2804 1113 2860 morunt
1126 2797 1160 2860 6⁸
1169 2797 1220 2858 ns

88 2891 150 2974 peu
167 2892 274 2962 Valla
284 2897 609 2984 mopycfiispcinjols
624 2907 725 2966 comes
741 2899 1219 2985 coriatuumkbirrtilrattsupa

488 3006 554 3071 auti
562 3006 720 3093 fulmenti.
737 3007 835 3076 1298.

189 3199 346 3268 Andreas
358 3201 422 3268 Dei
447 3203 559 3286 gracia
585 3200 738 3288 Vnguis,
754 3201 933 3290 Dalmacie‚
945 3200 1090 3289 Oroooie,
1104 3201 1218 3282 Rome!

90 3301 211 3386 Serme,
230 3307 380 3392 Gallicis,
398 3309 596 3395 Lodomcrie,
629 3307 799 3398 Cumanis,
831 3309 1051 3396 Bulgcrieque
1067 3313 1137 3378 Rex
1152 3331 1217 3378 um·

91 3407 182 3480 nibus
199 3410 320 3481 Christi
346 3417 498 3484 fidelihus
515 3423 581 3484 tam
596 3418 805 3502 presentibus
820 3437 917 3503 quam
940 3415 1057 3485 suturis
1082 3437 1217 3502 presens

92 3518 595 3608 scriptuminspeoturissalutem
613 3525 647 3592 in
664 3546 702 3592 eo
718 3526 773 3610 qui
790 3531 839 3594 est
855 3545 934 3594 vera
950 3527 1041 3593 sulus
1062 3525 1215 3592 omnium.

41 3693 44 3705 .
93 3623 222 3708 Regalis
239 3631 456 3701 Sublimitotis
473 3635 664 3702 inmensitas
690 3634 829 3701 fideliter
844 3633 908 3701 sibi
934 3634 1131 3702 tumulantes
1157 3653 1216 3700 suo

94 3749 222 3807 munero
239 3745 449 3825 prosequitur
464 3743 578 3826 grecia
595 3745 757 3829 ampliori,
774 3751 809 3808 vt
825 3743 923 3810 ueteri
940 3762 1050 3810 eorum
1068 3742 1216 3826 exemplo

37 3858 44 3879 ’
96 3832 223 3910 inuitari
239 3846 282 3912 ud
298 3848 468 3917 fidelitatis
485 3851 822 3936 operavehemencius
834 3850 1066 3916 accendantur.
1082 3849 1214 3920 Proind:
1292 3837 1296 3845 ’

38 3984 43 3993 ·
97 3945 136 4010 cd
159 3951 380 4024 uniuersorum
406 3960 559 4026 noticiam
589 3960 701 4025 hurum
734 3960 820 4025 serie
851 3961 1003 4026 volumus
1036 3962 1210 4044 peruenire

96 4055 398 4134 quoduttcmlentes
423 4065 599 4133 fidelitates
624 4074 656 4132 et
681 4065 891 4133 seruioiorum
924 4067 1038 4132 merita
1062 4066 1216 4150 Magistri

99 4157 248 4250 Stephani
263 4171 322 4257 filij
342 4173 481 4242 Comitis
499 4173 670 4242 Michaelis
695 4172 736 4242 de
761 4195 881 4259 genere
911 4172 1094 4240 Guthkclcd
1111 4173 1216 4241 fidelis

97 4270 310 4346 etfamiliaris
322 4281 456 4365 Juucuis
473 4285 596 4365 nostri,
630 4303 692 4366 quc
708 4283 794 4351 idem
818 4284 916 4354 nohis
931 4305 953 4350 o
967 4289 1110 4367 tempore
1127 4301 1215 4349 coro·

101 4379 237 4449 racionis
252 4393 362 4452 nostre
378 4408 420 4454 ex
436 4390 625 4472 conspicuis
641 4391 711 4460 suis
728 4391 855 4458 actibus
871 4389 1093 4476 multipliciter
1109 4390 1217 4454 diuer-

101 4481 144 4550 sis
157 4489 282 4560 clarens
297 4494 482 4560 meriturum
499 4496 672 4564 uirtutibus
698 4499 730 4561 iu
748 4499 896 4565 omnihus
914 4505 946 4562 ct
962 4495 1102 4580 singulis
1119 4512 1216 4582 expe·

103 4587 271 4665 dicionibus
291 4598 397 4682 Regni
427 4608 527 4670 nostri
546 4605 685 4671 lideiirer
702 4606 856 4672 exhihere
872 4605 999 4671 curauit
1031 4611 1062 4672 ct
1087 4603 1215 4691 deuote,
