3180 5202
890 298 955 362 378

893 575 970 642 251.

369 761 483 824 Isinda
510 768 617 822 mester
641 756 827 842 oroadqbiro'
852 757 1033 842 lectnyeinelc
1058 753 1248 841 Arpetone,
1273 757 1356 821 Balce
1378 769 1487 823 mester·
1573 811 1575 824 .

365 865 538 932 hilarescet
547 863 679 949 crespeel
687 865 828 949 jaculant
838 861 997 948 Scatrndr,
1009 864 1117 930 Billar
1133 867 1166 928 e's
1181 863 1334 930 Scaboloh
1352 866 1486 951 uwppld‘
1574 883 1575 904 r

849 970 904 1034 herr
920 971 1017 1036 1300.

1571 291 1575 378 l

1573 389 1575 452 l

1572 499 1575 646 l

1573 681 1575 786 l

473 1113 657 1200 Stephanus
672 1113 835 1196 Magister
850 1111 935 1178 filius
951 1113 1063 1198 Erney
1078 1114 1163 1179 Baui
1178 1111 1288 1179 ludex
1316 1115 1410 1182 Curio
1433 1116 1487 1182 do·
1573 1157 1575 1214 g

366 1225 446 1290 mini
462 1224 564 1308 Regis
586 1221 746 1288 uniuersis
778 1217 896 1286 Christi
920 1219 1075 1288 fidelibus
1098 1227 1267 1305 presentes
1298 1222 1418 1289 litteras
1440 1225 1488 1287 in·
1574 1269 1575 1272 ,

365 1331 527 1416 epecturis
544 1330 684 1395 salutem
698 1329 734 1394 in
750 1327 867 1395 salutis
884 1330 1050 1411 largitore.
1078 1326 1121 1393 Vt
1147 1327 1349 1395 donaciones
1373 1329 1486 1395 Princi-

364 1457 444 1522 pum
461 1442 619 1520 perpetua
634 1435 787 1500 firmitate
803 1431 994 1517 solidentur,
1012 1433 1196 1500 litterarum
1221 1433 1328 1500 solent
1351 1437 1492 1501 testimo-

365 1547 420 1610 uio
436 1540 627 1610 communiri
640 1564 647 1625 ;
662 1540 894 1606 inconcussum
918 1540 1039 1626 quippe
1056 1546 1223 1624 permanet
1239 1546 1340 1623 alque
1356 1540 1487 1625 firmum,

366 1652 452 1735 quod
468 1649 581 1733 scripti
596 1647 777 1733 patrocinio
794 1649 1018 1716 communitur.
1036 1647 1175 1713 Proinde
1201 1647 1245 1712 ad
1268 1647 1486 1713 uniuersorum
1573 1647 1575 1732 ξ

289 1813 295 1819 .
365 1757 519 1826 noticiam
535 1757 651 1822 harum
667 1756 752 1822 serie
767 1756 914 1822 volumus
928 1755 1115 1840 peruenire:
1139 1753 1227 1835 qnod
1242 1774 1301 1820 uos
1318 1753 1417 1820 filiam
1432 1775 1485 1820 uo·
1574 1829 1575 1834 ἵ

367 1877 470 1934 stram
485 1863 693 1930 karissimam
710 1861 825 1947 Auyoh
842 1867 1004 1947 vocatam,
1021 1870 1203 1927 consortem
1229 1861 1378 1944 Magistri
1402 1862 1490 1926 Bere
1573 1847 1575 1872 ⁷

370 1973 428 2059 filij
446 1971 580 2058 Thorne,
597 1977 735 2054 paterna
750 1968 873 2052 pietate
904 1967 1028 2033 inducti
1053 1967 1203 2034 debonis
1228 1967 1374 2054 paternis
1399 1969 1492 2051 parti·
1573 2031 1575 2044 ,

301 2087 304 2098 ’
368 2083 474 2164 cipem
491 2077 600 2146 facere
616 2074 794 2160 cupientes,
821 2095 860 2141 ex
886 2074 1092 2159 beneplacito
1118 2081 1149 2139 et
1175 2075 1303 2141 sincera
1328 2076 1495 2141 voluntate
1574 2057 1575 2122 Ῐ

372 2189 563 2256 dilectorum
577 2184 717 2250 tiliorum
742 2187 933 2269 nostrornm,
958 2182 1118 2267 Stephani
1144 2181 1307 2269 videlicet,
1333 2183 1489 2249 Johauuis
1574 2209 1575 2258 ς

373 2303 406 2362 et
422 2295 547 2380 Jacobi,
564 2291 722 2376 quasdam
737 2289 960 2377 possessiones
977 2296 1106 2356 nostras
1131 2289 1359 2373 hereditarias,
1382 2289 1490 2355 videli-
1573 2359 1575 2362 ,

369 2411 420 2470 cet
434 2400 548 2469 Meerk
571 2399 605 2464 iu
623 2398 783 2464 Comitatu
799 2397 840 2463 dc
855 2397 1020 2483 Zathmar,
1037 2404 1072 2462 et
1087 2397 1173 2462 Alba
1187 2398 1222 2462 in
1247 2397 1411 2463 Comitatu
1434 2399 1494 2481 By-

348 2595 351 2602 Ι
369 2508 515 2577 horieusi
532 2506 727 2589 existentes;
744 2505 821 2570 item
837 2503 1000 2586 quandam
1016 2505 1255 2588 possessiouem
1274 2513 1421 2570 nostram
1437 2521 1493 2586 per
1574 2489 1575 2500 ’

372 2621 482 2700 Erney
498 2616 623 2680 Bauum
638 2620 762 2699 patrem
779 2618 922 2678 nostrum
938 2610 1045 2676 felicis
1060 2609 1297 2678 recordacionis
1307 2610 1496 2696 acquisitam
1573 2611 1575 2622 ¹

369 2723 640 2791 Bezermeutelulr
657 2727 804 2787 evocatam
821 2722 856 2785 in
872 2718 1034 2786 Comitatn
1060 2719 1102 2785 de
1125 2719 1267 2785 Zobolch
1293 2721 1496 2802 existentem,

370 2849 443 2896 cnm
460 2826 609 2894 omuibus
626 2827 818 2894 vtilitatihus
834 2832 866 2892 et
883 2827 1094 2910 pertinencijs
1109 2827 1189 2910 suis,
1206 2826 1268 2891 sub
1285 2824 1410 2892 eisdem
1435 2845 1492 2890 me·
1574 2827 1575 2830 ’

369 2939 411 3004 lis
429 2946 461 3002 et
476 2933 632 3018 terminis,
648 2935 765 3018 quibus
783 2934 897 2999 eedem
914 2952 971 3017 per
987 2952 1046 2999 uos
1062 2933 1194 2999 fuerunt
1219 2951 1373 3017 possesse
1398 2951 1495 3014 usque
1573 2997 1575 3006 Ἴ,

368 3042 474 3126 modo,
493 3040 649 3126 dedimus,
666 3039 870 3122 donauimus,
889 3037 1080 3106 tradidimus
1098 3048 1131 3106 et
1157 3039 1352 3106 contulimus
1377 3059 1491 3105 memo·

372 3155 443 3216 rate
459 3147 525 3215 filie
540 3153 658 3233 nostre,
674 3153 705 3212 et
720 3166 778 3230 per
794 3146 900 3230 ipsam
916 3147 984 3214 suis
995 3145 1180 3234 heredibus,
1196 3145 1418 3230 heredumque
1430 3168 1496 3214 sno·
1574 3127 1575 3212 ?

372 3277 444 3323 rum
471 3253 710 3324 successoribus
741 3258 898 3338 perpetuo
923 3254 1001 3320 inre
1027 3261 1059 3319 et
1083 3253 1340 3320 irrouocahiliter
1364 3254 1497 3338 pacifico
1574 3295 1575 3300 κ

369 3362 595 3450 possidendas,
612 3359 782 3426 habendas
799 3367 831 3426 et
845 3362 1019 3428 tenendas.
1036 3361 1084 3426 Eo
1111 3367 1221 3425 tamen
1247 3359 1385 3444 adiecto,
1414 3359 1499 3444 quod
1574 3381 1575 3384 ¹

369 3473 397 3537 si
417 3489 572 3555 processu
587 3475 771 3552 temporum
787 3473 968 3533 memorata
983 3465 1053 3532 lilia
1067 3475 1180 3532 nostra
1198 3465 1253 3531 nel
1280 3465 1385 3552 ipsius
1413 3466 1496 3532 here-

370 3577 429 3644 des
448 3577 518 3644 siue
535 3573 655 3644 herede
676 3571 880 3658 decederent,
897 3581 1015 3640 extunc
1042 3572 1189 3657 predicte
1215 3575 1443 3656 possessiones
1467 3573 1496 3637 in

376 3705 468 3752 usum
500 3703 558 3750 sen
588 3681 771 3767 potenciam
803 3680 1117 3763 consanguineorum
1150 3680 1320 3746 memorati
1350 3679 1497 3764 Magistri

326 3789 333 3802 ‘
371 3791 462 3856 Bake
478 3789 637 3856 consortis
653 3787 705 3854 sui
731 3789 821 3854 nullo
847 3787 943 3856 modo
969 3788 1203 3871 extendantur3
1229 3787 1288 3854 sed
1312 3787 1359 3852 ad
1384 3807 1497 3854 manus
1573 3869 1575 3874 Ι

374 3916 431 3964 seu
462 3897 695 3984 proprietatem
726 3895 864 3962 filiorum
890 3901 1076 3963 nostrorum
1103 3895 1157 3960 uel
1183 3915 1313 3962 suornm
1344 3893 1497 3962 heredum

368 4003 487 4070 iterato
518 4003 747 4070 deuoluautur.
773 4005 812 4068 lu
838 4003 930 4068 cuius
955 4002 1002 4069 rei
1029 4002 1217 4070 memoriam
1243 4009 1498 4086 perpetuamque
1574 3991 1575 3994 ’

375 4109 558 4177 firmitatem
575 4117 742 4195 presentes
760 4109 977 4176 concessimus
993 4109 1122 4174 litteras
1138 4106 1240 4174 nostri
1267 4107 1371 4191 sigilli
1396 4107 1497 4172 mnni-

375 4217 462 4284 miuc
478 4218 700 4283 communitas.
719 4217 840 4282 Datum
859 4237 944 4283 anuo
961 4214 1094 4281 Domini
1109 4215 1160 4280 Me
1176 4215 1414 4282 trecentesimo.

372 4357 513 4420 (Eredetie
525 4357 700 4424 hllrhrtrtyln,
721 4376 738 4412 a
749 4357 924 4428 uirga-vdrds
938 4359 1170 4428 selyomusinllran
1182 4362 1293 4428 ttlgglltt
1302 4368 1305 4372 ’
1313 4357 1410 4427 peosdt
1433 4358 1500 4417 elye·

616 4455 703 4512 saett;
717 4450 825 4503 abudai
840 4451 891 4503 lrir.
914 4450 1037 4501 hamarai
1060 4447 1247 4515 lerdltlrbau.)
