3132 5192
877 310 1032 405 Ab„

386 518 465 564 nare
490 497 532 564 ad
557 499 726 566 cautelam.
758 497 903 590 Quarum
929 510 1018 570 tenor
1042 501 1082 568 de
1109 499 1206 568 uerbo
1232 500 1281 564 ad
1311 497 1451 563 uerbum
1482 505 1522 561 ta·

388 605 429 672 lis
445 611 512 672 est:
1537 599 1541 668 ’ῑ

495 711 680 799 Capitulum
697 715 841 782 Ecclesie
857 715 952 782 Beati
967 715 1099 783 Murtim
1114 715 1156 782 de
1173 718 1284 801 Sypns
1314 713 1370 778 stb
1399 713 1520 796 lkbuet·
1541 735 1542 742 ¹

387 821 522 888 kezika
546 823 671 907 szepcsi
702 824 931 908 ksptulunnak
958 823 1094 892 1283-ki
1121 821 1421 908 bnonysuglevele
1453 820 1544 924 mint}

390 929 671 1014 gyujtemenyllnk
686 930 745 997 IX.
763 933 879 1016 vagyis
895 952 916 997 a
932 931 1081 999 maeodik
1106 930 1228 1016 lolyam
1254 931 1322 1019 1v,
1353 927 1521 994 kbteteben

389 1031 566 1120 318.1up.)
1543 1047 1544 1066 ³

497 1141 565 1206 Nos
581 1141 680 1226 igitur
691 1143 783 1208 iustis
795 1150 825 1209 et
836 1141 1003 1230 legittimis
1012 1143 1228 1226 peticionibus
1239 1141 1399 1208 eiusdem
1412 1139 1521 1226 Symon

389 1253 569 1314 annuentes
585 1250 749 1332 predictas
776 1257 903 1317 nostras
928 1251 1052 1316 litteras
1077 1250 1303 1334 priuilegisles
1333 1268 1400 1312 non
1432 1269 1520 1328 rasas,
1543 1247 1544 1276 ³

390 1371 453 1418 non
470 1355 676 1443 cancellatas,
693 1377 754 1422 nec
770 1357 920 1442 abolitas,
937 1356 978 1422 de
995 1357 1094 1423 uerbo
1111 1357 1155 1422 ad
1165 1358 1307 1422 uerbum
1321 1353 1518 1440 presentibus

389 1461 489 1527 inseri
504 1461 648 1548 fecimus,
665 1469 837 1548 nostroque
852 1463 960 1547 sigillo
984 1483 1069 1529 nono
1095 1471 1127 1528 ct
1152 1463 1312 1529 mediocri
1340 1460 1519 1528 renouando
1544 1499 1545 1514 κ

391 1565 536 1634 roborari
551 1567 594 1633 ad
610 1570 780 1636 cautelam.
798 1573 918 1635 Datum
935 1571 968 1635 in
985 1569 1068 1638 festo
1093 1571 1188 1636 Beati
1216 1568 1358 1653 Georgij
1389 1567 1517 1634 martiris
1543 1583 1545 1640 ;

392 1691 477 1738 auno
492 1675 622 1740 Domini
639 1675 758 1741 ΜῡΟΟο
775 1677 986 1762 nonagesimo
1002 1679 1114 1744 tercio.
1544 1665 1545 1682 ³

392 1869 888 1937 (Eredetioblirblrtybn,zbld·vbrlls
914 1873 1142 1938 selyemauinbron
1169 1875 1254 1940 lllggb'
1268 1871 1373 1940 pecabt
1399 1873 1482 1925 ulau:
1505 1888 1518 1921 s
1544 1871 1545 1898 ³

709 1966 791 2016 budsl
806 1967 857 2016 luir.
872 1967 993 2016 kemursi
1008 1963 1201 2030 levbltalrbau.)
1544 1953 1545 1968 4

1543 2293 1546 2388 3

1544 2394 1546 2428 4

1544 2429 1546 2458 4

923 2819 980 2887 87.

1543 2575 1547 2666 4

398 3011 571 3078 Αυαευάῐί
585 3015 811 3098 kuiptulcnnclc
836 3017 1115 3108 bizonyadpleoele,
1144 3023 1228 3107 hoyy
1255 3019 1414 3086 Nddosdi
1443 3015 1510 3077 [mre
1545 2999 1547 3064 4

394 3137 492 3182 comes
517 3117 661 3184 Walters-i
676 3121 819 3187 ὂίνίοῖιάι
837 3127 976 3192 Maketai
992 3129 1086 3193 Peter
1102 3131 1264 3195 comesset
1282 3129 1406 3195 elcdto.
1425 3119 1506 3184 1293.
1544 3097 1547 3192 4

695 3281 724 3344 A
963 3286 991 3350 B
1209 3289 1234 3354 C
1545 3281 1547 3364 4

504 3467 572 3534 Nos
588 3466 773 3554 Capitulum
788 3476 932 3544 Ecclesie
948 3479 1042 3544 Beati
1059 3482 1229 3549 Michaelis
1248 3483 1289 3549 de
1306 3484 1420 3550 Castro
1443 3473 1502 3538 Fer·
1545 3465 1547 3546 4

401 3589 456 3634 reo
472 3579 580 3639 notum
597 3575 731 3647 iacimus
747 3589 857 3650 tenore
872 3587 1076 3668 presencium
1094 3589 1275 3658 uniuersis:
1293 3587 1381 3674 qnod
1405 3583 1503 3650 Comes

396 3675 551 3744 Emiricus
577 3681 659 3750 lilius
685 3687 814 3753 ltemeri
841 3690 882 3756 de
907 3691 1063 3780 Nadasd,
1090 3698 1281 3766 Dominious
1309 3705 1343 3764 et
1366 3686 1504 3760 Emirious
1546 3712 1547 3742 u

394 3777 450 3864 filij
468 3784 620 3873 eiusdem,
646 3808 754 3856 coram
778 3796 871 3863 nobis
896 3803 1111 3882 personaliter
1142 3805 1310 3872 constituti
1342 3799 1506 3891 porcionem

395 3905 504 3956 eorum
520 3894 651 3960 totalem
669 3917 739 3964 eum
765 3903 912 3972 omnibus
930 3908 1123 3976 utilitatibus
1150 3915 1275 3979 suiset
1302 3901 1501 3998 pertinenciis
1546 3924 1547 3950 ³

396 4011 492 4073 quam
507 3995 626 4064 habere
642 4021 677 4065 se
694 4001 846 4074 dicebant
861 4010 894 4073 in
912 4017 999 4077 terra
1016 4014 1143 4081 Wzkou
1159 4027 1359 4104 nuncupata,
1375 4005 1503 4082 vendide-

394 4105 468 4163 runt
483 4099 598 4170 boniti
613 4108 706 4173 Petro
722 4110 787 4177 lilio
805 4115 932 4183 Itemeri
951 4119 992 4185 de
1008 4121 1131 4190 Makna
1148 4146 1207 4210 pro
1225 4131 1300 4192 octo
1317 4123 1427 4192 marcis
1448 4115 1498 4200 ple·

395 4204 486 4271 uarie
501 4211 641 4296 receptis
658 4216 700 4280 ab
716 4219 829 4287 eodem
845 4242 955 4291 coram
982 4228 1085 4314 nobis,
1112 4231 1145 4295 in
1172 4241 1368 4320 perpetuum
1392 4221 1501 4317 pulffiffl

395 4314 427 4370 et
443 4310 550 4392 quiete
566 4318 813 4410 possidendam5
831 4328 969 4396 Martino
985 4341 1017 4398 et
1033 4336 1114 4404 Bous
1131 4339 1208 4424 lilijs
1227 4340 1351 4410 Ohame
1380 4326 1499 4420 cognatis

397 4417 569 4486 eorundem
586 4429 798 4517 presentibus,
816 4441 848 4500 et
872 4439 1055 4506 vendicioni
1080 4464 1119 4509 ao
1148 4447 1313 4534 empcioni
1341 4433 1497 4536 preetfiltil

397 4536 461 4582 uon
476 4527 778 4623 contradicentibus,
802 4562 876 4624 ymo
902 4547 1163 4628 permittentibus
1189 4560 1223 4620 et
1250 4571 1434 4624 consensum
1447 4561 1498 4633 pri·
