<?xml version="1.0" encoding="UTF-8"?>
<!DOCTYPE html PUBLIC "-//W3C//DTD XHTML 1.0 Transitional//EN"
    "http://www.w3.org/TR/xhtml1/DTD/xhtml1-transitional.dtd">
<html xmlns="http://www.w3.org/1999/xhtml" xml:lang="en" lang="en">
 <head>
  <title>
</title>
<meta http-equiv="Content-Type" content="text/html;charset=utf-8" />
  <meta name='ocr-system' content='tesseract 3.04.00' />
  <meta name='ocr-capabilities' content='ocr_page ocr_carea ocr_par ocr_line ocrx_word'/>
</head>
<body>
  <div class='ocr_page' id='page_1' title='image "./codexdiplomatic03wenzgoog_0047.png"; bbox 0 0 3234 5194; ppageno 0'>
   <div class='ocr_carea' id='block_1_1' title="bbox 742 378 759 440">
    <p class='ocr_par' dir='ltr' id='par_1_1' title="bbox 742 378 759 440">
     <span class='ocr_line' id='line_1_1' title="bbox 742 378 759 440; baseline 0 0"><span class='ocrx_word' id='word_1_1' title='bbox 742 378 759 440; x_wconf 81' lang='lat' dir='ltr'><strong>l</strong></span> 
     </span>
    </p>
   </div>
   <div class='ocr_carea' id='block_1_2' title="bbox 669 465 827 476">
    <p class='ocr_par' dir='ltr' id='par_1_2' title="bbox 669 465 827 476">
     <span class='ocr_line' id='line_1_2' title="bbox 669 465 827 476; baseline 0.006 -1"><span class='ocrx_word' id='word_1_2' title='bbox 669 465 827 476; x_wconf 55' lang='grc' dir='ltr'>...η-...-</span> 
     </span>
    </p>
   </div>
   <div class='ocr_carea' id='block_1_3' title="bbox 172 571 1355 658">
    <p class='ocr_par' dir='ltr' id='par_1_3' title="bbox 172 571 1355 658">
     <span class='ocr_line' id='line_1_3' title="bbox 172 571 1355 658; baseline -0.002 -17"><span class='ocrx_word' id='word_1_3' title='bbox 172 574 279 641; x_wconf 87' lang='lat' dir='ltr'><strong>libere</strong></span> <span class='ocrx_word' id='word_1_4' title='bbox 296 587 328 641; x_wconf 89' lang='lat' dir='ltr'><strong>et</strong></span> <span class='ocrx_word' id='word_1_5' title='bbox 344 571 477 658; x_wconf 84' lang='lat' dir='ltr'><strong>pacifice</strong></span> <span class='ocrx_word' id='word_1_6' title='bbox 502 576 754 654; x_wconf 88' lang='lat' dir='ltr'><strong>consequantur;</strong></span> <span class='ocrx_word' id='word_1_7' title='bbox 782 571 926 655; x_wconf 87' lang='lat' dir='ltr'><strong>alioquin</strong></span> <span class='ocrx_word' id='word_1_8' title='bbox 954 589 1069 658; x_wconf 89' lang='lat' dir='ltr'><strong>penam</strong></span> <span class='ocrx_word' id='word_1_9' title='bbox 1095 573 1305 640; x_wconf 89' lang='lat' dir='ltr'><strong>ducentarum</strong></span> <span class='ocrx_word' id='word_1_10' title='bbox 1353 574 1355 586; x_wconf 93' lang='lat'>&#39;</span> 
     </span>
    </p>
   </div>
   <div class='ocr_carea' id='block_1_4' title="bbox 173 679 1411 768">
    <p class='ocr_par' dir='ltr' id='par_1_4' title="bbox 173 679 1411 768">
     <span class='ocr_line' id='line_1_4' title="bbox 173 679 1411 768; baseline 0.006 -22"><span class='ocrx_word' id='word_1_11' title='bbox 173 702 358 749; x_wconf 82' lang='lat' dir='ltr'><strong>marcarum</strong></span> <span class='ocrx_word' id='word_1_12' title='bbox 384 682 549 746; x_wconf 77' lang='lat' dir='ltr'><strong>incurrant</strong></span> <span class='ocrx_word' id='word_1_13' title='bbox 577 679 647 765; x_wconf 88' lang='lat' dir='ltr'><strong>ipso</strong></span> <span class='ocrx_word' id='word_1_14' title='bbox 678 679 775 761; x_wconf 89' lang='lat' dir='ltr'><strong>facto,</strong></span> <span class='ocrx_word' id='word_1_15' title='bbox 807 681 833 748; x_wconf 93' lang='lat' dir='ltr'><strong>si</strong></span> <span class='ocrx_word' id='word_1_16' title='bbox 850 681 883 747; x_wconf 93' lang='lat' dir='ltr'><strong>in</strong></span> <span class='ocrx_word' id='word_1_17' title='bbox 911 681 1020 763; x_wconf 84' lang='lat' dir='ltr'><strong>aliquo</strong></span> <span class='ocrx_word' id='word_1_18' title='bbox 1051 685 1307 768; x_wconf 80' lang='lat' dir='ltr'>presumpserint</span> <span class='ocrx_word' id='word_1_19' title='bbox 1410 751 1411 754; x_wconf 74' lang='grc'>,</span> 
     </span>
    </p>
   </div>
   <div class='ocr_carea' id='block_1_5' title="bbox 172 788 1306 1088">
    <p class='ocr_par' dir='ltr' id='par_1_5' title="bbox 172 788 1306 1088">
     <span class='ocr_line' id='line_1_5' title="bbox 172 788 1306 880; baseline 0.002 -23"><span class='ocrx_word' id='word_1_20' title='bbox 172 791 345 858; x_wconf 88' lang='lat' dir='ltr'><strong>contraire.</strong></span> <span class='ocrx_word' id='word_1_21' title='bbox 374 791 414 856; x_wconf 86' lang='lat' dir='ltr'><strong>Et</strong></span> <span class='ocrx_word' id='word_1_22' title='bbox 444 788 504 854; x_wconf 89' lang='lat' dir='ltr'><strong>hoe</strong></span> <span class='ocrx_word' id='word_1_23' title='bbox 536 789 582 855; x_wconf 88' lang='lat' dir='ltr'><strong>eis</strong></span> <span class='ocrx_word' id='word_1_24' title='bbox 614 789 857 857; x_wconf 79' lang='lat' dir='ltr'><strong>sentencialiter</strong></span> <span class='ocrx_word' id='word_1_25' title='bbox 889 790 1040 857; x_wconf 84' lang='lat' dir='ltr'><strong>duximus</strong></span> <span class='ocrx_word' id='word_1_26' title='bbox 1072 789 1306 880; x_wconf 82' lang='lat' dir='ltr'><strong>inponendum.</strong></span> 
     </span>
     <span class='ocr_line' id='line_1_6' title="bbox 175 895 1305 984; baseline 0.004 -21"><span class='ocrx_word' id='word_1_27' title='bbox 175 901 298 963; x_wconf 90' lang='lat' dir='ltr'><strong>Datum</strong></span> <span class='ocrx_word' id='word_1_28' title='bbox 316 896 471 981; x_wconf 85' lang='lat' dir='ltr'><strong>Strigonij</strong></span> <span class='ocrx_word' id='word_1_29' title='bbox 490 895 544 963; x_wconf 90' lang='lat' dir='ltr'><strong>die</strong></span> <span class='ocrx_word' id='word_1_30' title='bbox 559 895 697 963; x_wconf 84' lang='lat' dir='ltr'><strong>Sabbati</strong></span> <span class='ocrx_word' id='word_1_31' title='bbox 712 905 785 983; x_wconf 91' lang='lat' dir='ltr'><strong>post</strong></span> <span class='ocrx_word' id='word_1_32' title='bbox 801 896 920 966; x_wconf 86' lang='lat' dir='ltr'><strong>festum</strong></span> <span class='ocrx_word' id='word_1_33' title='bbox 947 897 1136 966; x_wconf 82' lang='lat' dir='ltr'><strong>Natiuitatis</strong></span> <span class='ocrx_word' id='word_1_34' title='bbox 1162 899 1305 984; x_wconf 82' lang='lat' dir='ltr'><strong>Virginis</strong></span> 
     </span>
     <span class='ocr_line' id='line_1_7' title="bbox 176 1003 1118 1088; baseline -0.001 -16"><span class='ocrx_word' id='word_1_35' title='bbox 176 1005 330 1072; x_wconf 82' lang='lat' dir='ltr'><strong>Gloriosa</strong></span> <span class='ocrx_word' id='word_1_36' title='bbox 346 1023 432 1072; x_wconf 91' lang='lat' dir='ltr'><strong>anno</strong></span> <span class='ocrx_word' id='word_1_37' title='bbox 447 1003 578 1072; x_wconf 87' lang='lat' dir='ltr'><strong>Domini</strong></span> <span class='ocrx_word' id='word_1_38' title='bbox 595 1003 717 1071; x_wconf 81' lang='lat' dir='ltr'>M⁰OC⁰</span> <span class='ocrx_word' id='word_1_39' title='bbox 733 1005 951 1088; x_wconf 84' lang='lat' dir='ltr'><strong>nonagesimo.</strong></span> <span class='ocrx_word' id='word_1_40' title='bbox 1116 1027 1118 1030; x_wconf 91' lang='lat'>·</span> 
     </span>
    </p>
   </div>
   <div class='ocr_carea' id='block_1_6' title="bbox 144 1181 1340 1340">
    <p class='ocr_par' dir='ltr' id='par_1_6' title="bbox 144 1181 1340 1340">
     <span class='ocr_line' id='line_1_8' title="bbox 173 1181 1340 1268; baseline 0.003 -35"><span class='ocrx_word' id='word_1_41' title='bbox 173 1182 318 1245; x_wconf 84' lang='lat' dir='ltr'><strong>(Eredatie</strong></span> <span class='ocrx_word' id='word_1_42' title='bbox 332 1181 508 1249; x_wconf 73' lang='lat' dir='ltr'><strong>bdrlrdrtydn,</strong></span> <span class='ocrx_word' id='word_1_43' title='bbox 521 1199 538 1235; x_wconf 78' lang='lat' dir='ltr'><strong>a</strong></span> <span class='ocrx_word' id='word_1_44' title='bbox 550 1181 628 1236; x_wconf 77' lang='lat' dir='ltr'><strong>hdtul</strong></span> <span class='ocrx_word' id='word_1_45' title='bbox 640 1185 693 1236; x_wconf 82' lang='lat' dir='ltr'><strong>oda</strong></span> <span class='ocrx_word' id='word_1_46' title='bbox 711 1189 834 1249; x_wconf 80' lang='lat' dir='ltr'><strong>nyomott</strong></span> <span class='ocrx_word' id='word_1_47' title='bbox 845 1183 994 1251; x_wconf 76' lang='lat' dir='ltr'><strong>pacsbtnek</strong></span> <span class='ocrx_word' id='word_1_48' title='bbox 1006 1183 1136 1236; x_wconf 75' lang='lat' dir='ltr'><strong>toraddlre</strong></span> <span class='ocrx_word' id='word_1_49' title='bbox 1150 1198 1274 1252; x_wconf 69' lang='lat' dir='ltr'><strong>megran,</strong></span> <span class='ocrx_word' id='word_1_50' title='bbox 1289 1202 1305 1236; x_wconf 82' lang='lat' dir='ltr'><strong>a</strong></span> <span class='ocrx_word' id='word_1_51' title='bbox 1336 1263 1340 1268; x_wconf 87' lang='lat'>.</span> 
     </span>
     <span class='ocr_line' id='line_1_9' title="bbox 144 1273 1005 1340; baseline 0.003 -15"><span class='ocrx_word' id='word_1_52' title='bbox 144 1278 147 1284; x_wconf 82' lang='grc'><em>’</em></span> <span class='ocrx_word' id='word_1_53' title='bbox 490 1291 507 1327; x_wconf 82' lang='lat' dir='ltr'><strong>a</strong></span> <span class='ocrx_word' id='word_1_54' title='bbox 519 1275 602 1327; x_wconf 82' lang='lat' dir='ltr'><strong>budai</strong></span> <span class='ocrx_word' id='word_1_55' title='bbox 614 1275 665 1326; x_wconf 84' lang='lat' dir='ltr'><strong>kir.</strong></span> <span class='ocrx_word' id='word_1_56' title='bbox 680 1276 800 1327; x_wconf 65' lang='lat' dir='ltr'><strong>mmerai</strong></span> <span class='ocrx_word' id='word_1_57' title='bbox 812 1273 1005 1340; x_wconf 73' lang='lat' dir='ltr'><strong>levdttrban.)</strong></span> 
     </span>
    </p>
   </div>
   <div class='ocr_carea' id='block_1_7' title="bbox 176 2293 1304 2496">
    <p class='ocr_par' dir='ltr' id='par_1_7' title="bbox 176 2293 1304 2496">
     <span class='ocr_line' id='line_1_10' title="bbox 176 2293 1304 2382; baseline 0.001 -25"><span class='ocrx_word' id='word_1_58' title='bbox 176 2293 235 2358; x_wconf 85' lang='lat' dir='ltr'><strong>IV.</strong></span> <span class='ocrx_word' id='word_1_59' title='bbox 251 2295 371 2360; x_wconf 67' lang='lat' dir='ltr'><strong>bisalos</strong></span> <span class='ocrx_word' id='word_1_60' title='bbox 383 2299 476 2380; x_wconf 78' lang='lat' dir='ltr'><strong>pcipe</strong></span> <span class='ocrx_word' id='word_1_61' title='bbox 493 2295 642 2359; x_wconf 76' lang='lat' dir='ltr'><strong>Lambert</strong></span> <span class='ocrx_word' id='word_1_62' title='bbox 657 2295 766 2380; x_wconf 77' lang='lat' dir='ltr'><strong>ocplac&#39;</strong></span> <span class='ocrx_word' id='word_1_63' title='bbox 786 2295 975 2381; x_wconf 77' lang='lat' dir='ltr'><strong>pdspblcaek</strong></span> <span class='ocrx_word' id='word_1_64' title='bbox 1001 2295 1196 2382; x_wconf 73' lang='lat' dir='ltr'><strong>mepeupedi,</strong></span> <span class='ocrx_word' id='word_1_65' title='bbox 1221 2298 1304 2380; x_wconf 72' lang='lat' dir='ltr'><strong>lmpy</strong></span> 
     </span>
     <span class='ocr_line' id='line_1_11' title="bbox 265 2400 1203 2496; baseline -0.002 -30"><span class='ocrx_word' id='word_1_66' title='bbox 265 2401 699 2486; x_wconf 68' lang='lat' dir='ltr'><strong>atlmnyottaatikozostretr</strong></span> <span class='ocrx_word' id='word_1_67' title='bbox 714 2412 816 2485; x_wconf 82' lang='lat' dir='ltr'><strong>papot</strong></span> <span class='ocrx_word' id='word_1_68' title='bbox 824 2400 1078 2486; x_wconf 78' lang='lat' dir='ltr'><strong>fclcrcntbesscc.</strong></span> <span class='ocrx_word' id='word_1_69' title='bbox 1099 2403 1203 2496; x_wconf 61' lang='grc' dir='ltr'><strong>1290ιι</strong></span> 
     </span>
    </p>
   </div>
   <div class='ocr_carea' id='block_1_8' title="bbox 285 2596 1308 2683">
    <p class='ocr_par' dir='ltr' id='par_1_8' title="bbox 285 2596 1308 2683">
     <span class='ocr_line' id='line_1_12' title="bbox 285 2596 1308 2683; baseline 0.001 -23"><span class='ocrx_word' id='word_1_70' title='bbox 285 2596 441 2663; x_wconf 81' lang='lat' dir='ltr'><strong>Nicotaus</strong></span> <span class='ocrx_word' id='word_1_71' title='bbox 482 2597 661 2683; x_wconf 77' lang='lat' dir='ltr'><strong>Episcopus</strong></span> <span class='ocrx_word' id='word_1_72' title='bbox 694 2615 806 2662; x_wconf 88' lang='lat' dir='ltr'><strong>servus</strong></span> <span class='ocrx_word' id='word_1_73' title='bbox 838 2617 1001 2664; x_wconf 87' lang='lat' dir='ltr'><strong>serrorum</strong></span> <span class='ocrx_word' id='word_1_74' title='bbox 1035 2597 1096 2662; x_wconf 91' lang='lat' dir='ltr'><strong>Dei</strong></span> <span class='ocrx_word' id='word_1_75' title='bbox 1128 2597 1308 2664; x_wconf 83' lang='lat' dir='ltr'><strong>venerabili</strong></span> 
     </span>
    </p>
   </div>
   <div class='ocr_carea' id='block_1_9' title="bbox 177 2703 1529 2792">
    <p class='ocr_par' dir='ltr' id='par_1_9' title="bbox 177 2703 1529 2792">
     <span class='ocr_line' id='line_1_13' title="bbox 177 2703 1529 2792; baseline 0.001 -21"><span class='ocrx_word' id='word_1_76' title='bbox 177 2705 271 2772; x_wconf 84' lang='lat' dir='ltr'><strong>fratri</strong></span> <span class='ocrx_word' id='word_1_77' title='bbox 296 2703 467 2772; x_wconf 61' lang='lat' dir='ltr'><strong>[ramberto</strong></span> <span class='ocrx_word' id='word_1_78' title='bbox 501 2706 661 2790; x_wconf 82' lang='lat' dir='ltr'><strong>Episcopo</strong></span> <span class='ocrx_word' id='word_1_79' title='bbox 687 2703 840 2785; x_wconf 87' lang='lat' dir='ltr'><strong>Veglensi</strong></span> <span class='ocrx_word' id='word_1_80' title='bbox 868 2705 1002 2770; x_wconf 82' lang='lat' dir='ltr'><strong>salutern</strong></span> <span class='ocrx_word' id='word_1_81' title='bbox 1028 2711 1061 2772; x_wconf 90' lang='lat' dir='ltr'><strong>et</strong></span> <span class='ocrx_word' id='word_1_82' title='bbox 1085 2703 1308 2792; x_wconf 85' lang='lat' dir='ltr'><strong>Apostolioam</strong></span> <span class='ocrx_word' id='word_1_83' title='bbox 1399 2767 1400 2770; x_wconf 73' lang='grc'>,</span> <span class='ocrx_word' id='word_1_84' title='bbox 1523 2721 1529 2786; x_wconf 71' lang='lat' dir='ltr'>j</span> 
     </span>
    </p>
   </div>
   <div class='ocr_carea' id='block_1_10' title="bbox 175 2809 1359 3232">
    <p class='ocr_par' dir='ltr' id='par_1_10' title="bbox 175 2809 1359 3232">
     <span class='ocr_line' id='line_1_14' title="bbox 175 2809 1305 2900; baseline -0.003 -20"><span class='ocrx_word' id='word_1_85' title='bbox 175 2809 443 2880; x_wconf 83' lang='lat' dir='ltr'><strong>benedictionem.</strong></span> <span class='ocrx_word' id='word_1_86' title='bbox 462 2813 509 2878; x_wconf 85' lang='lat' dir='ltr'><strong>Ex</strong></span> <span class='ocrx_word' id='word_1_87' title='bbox 525 2819 620 2899; x_wconf 89' lang='lat' dir='ltr'><strong>parte</strong></span> <span class='ocrx_word' id='word_1_88' title='bbox 636 2812 683 2878; x_wconf 90' lang='lat' dir='ltr'><strong>tui</strong></span> <span class='ocrx_word' id='word_1_89' title='bbox 700 2811 760 2878; x_wconf 85' lang='lat' dir='ltr'><strong>luit</strong></span> <span class='ocrx_word' id='word_1_90' title='bbox 770 2812 970 2899; x_wconf 89' lang='lat' dir='ltr'><strong>propositum</strong></span> <span class='ocrx_word' id='word_1_91' title='bbox 982 2812 1206 2900; x_wconf 89' lang='lat' dir='ltr'><strong>ooramnobis,</strong></span> <span class='ocrx_word' id='word_1_92' title='bbox 1219 2811 1305 2900; x_wconf 84' lang='lat' dir='ltr'><strong>quod</strong></span> 
     </span>
     <span class='ocr_line' id='line_1_15' title="bbox 176 2919 1310 3007; baseline 0.003 -22"><span class='ocrx_word' id='word_1_93' title='bbox 176 2919 324 2988; x_wconf 89' lang='lat' dir='ltr'><strong>nonnulli</strong></span> <span class='ocrx_word' id='word_1_94' title='bbox 340 2919 449 2987; x_wconf 90' lang='lat' dir='ltr'><strong>clerici</strong></span> <span class='ocrx_word' id='word_1_95' title='bbox 465 2927 519 2986; x_wconf 87' lang='lat' dir='ltr'><strong>tue</strong></span> <span class='ocrx_word' id='word_1_96' title='bbox 535 2919 678 2987; x_wconf 89' lang='lat' dir='ltr'><strong>ciuitatis</strong></span> <span class='ocrx_word' id='word_1_97' title='bbox 695 2927 726 2987; x_wconf 87' lang='lat' dir='ltr'><strong>et</strong></span> <span class='ocrx_word' id='word_1_98' title='bbox 743 2920 883 2988; x_wconf 86' lang='lat' dir='ltr'><strong>diocesis</strong></span> <span class='ocrx_word' id='word_1_99' title='bbox 899 2940 959 3007; x_wconf 84' lang='lat' dir='ltr'><strong>pro</strong></span> <span class='ocrx_word' id='word_1_100' title='bbox 975 2941 1023 3006; x_wconf 82' lang='lat' dir='ltr'><strong>eo,</strong></span> <span class='ocrx_word' id='word_1_101' title='bbox 1040 2921 1126 3005; x_wconf 90' lang='lat' dir='ltr'><strong>quod</strong></span> <span class='ocrx_word' id='word_1_102' title='bbox 1142 2920 1207 3006; x_wconf 89' lang='lat' dir='ltr'><strong>ipsi</strong></span> <span class='ocrx_word' id='word_1_103' title='bbox 1219 2940 1310 2988; x_wconf 85' lang='lat' dir='ltr'><strong>arma</strong></span> 
     </span>
     <span class='ocr_line' id='line_1_16' title="bbox 176 3026 1309 3114; baseline 0.001 -21"><span class='ocrx_word' id='word_1_104' title='bbox 176 3033 325 3114; x_wconf 87' lang='lat' dir='ltr'><strong>portare,</strong></span> <span class='ocrx_word' id='word_1_105' title='bbox 358 3027 553 3094; x_wconf 86' lang='lat' dir='ltr'><strong>concubinas</strong></span> <span class='ocrx_word' id='word_1_106' title='bbox 580 3033 611 3093; x_wconf 88' lang='lat' dir='ltr'><strong>et</strong></span> <span class='ocrx_word' id='word_1_107' title='bbox 634 3026 718 3094; x_wconf 87' lang='lat' dir='ltr'><strong>lilios</strong></span> <span class='ocrx_word' id='word_1_108' title='bbox 745 3027 779 3092; x_wconf 93' lang='lat' dir='ltr'><strong>in</strong></span> <span class='ocrx_word' id='word_1_109' title='bbox 796 3027 937 3112; x_wconf 79' lang='lat' dir='ltr'><strong>proprijs</strong></span> <span class='ocrx_word' id='word_1_110' title='bbox 951 3027 1101 3095; x_wconf 88' lang='lat' dir='ltr'><strong>domibus</strong></span> <span class='ocrx_word' id='word_1_111' title='bbox 1119 3027 1249 3114; x_wconf 89' lang='lat' dir='ltr'><strong>publice</strong></span> <span class='ocrx_word' id='word_1_112' title='bbox 1264 3050 1309 3094; x_wconf 92' lang='lat' dir='ltr'><strong>re·</strong></span> 
     </span>
     <span class='ocr_line' id='line_1_17' title="bbox 176 3134 1359 3232; baseline -0.001 -31"><span class='ocrx_word' id='word_1_113' title='bbox 176 3135 297 3219; x_wconf 87' lang='lat' dir='ltr'><strong>tinere,</strong></span> <span class='ocrx_word' id='word_1_114' title='bbox 324 3135 357 3201; x_wconf 94' lang='lat' dir='ltr'><strong>in</strong></span> <span class='ocrx_word' id='word_1_115' title='bbox 373 3135 518 3202; x_wconf 85' lang='lat' dir='ltr'><strong>tabernis</strong></span> <span class='ocrx_word' id='word_1_116' title='bbox 534 3138 585 3202; x_wconf 90' lang='lat' dir='ltr'><strong>vel</strong></span> <span class='ocrx_word' id='word_1_117' title='bbox 611 3134 699 3202; x_wconf 89' lang='lat' dir='ltr'><strong>circa</strong></span> <span class='ocrx_word' id='word_1_118' title='bbox 714 3139 869 3203; x_wconf 87' lang='lat' dir='ltr'><strong>tabernas</strong></span> <span class='ocrx_word' id='word_1_119' title='bbox 899 3135 1023 3224; x_wconf 87' lang='lat' dir='ltr'><strong>bibere,</strong></span> <span class='ocrx_word' id='word_1_120' title='bbox 1038 3136 1082 3202; x_wconf 89' lang='lat' dir='ltr'><strong>ad</strong></span> <span class='ocrx_word' id='word_1_121' title='bbox 1098 3135 1240 3222; x_wconf 86' lang='lat' dir='ltr'><strong>taxilles,</strong></span> <span class='ocrx_word' id='word_1_122' title='bbox 1258 3136 1310 3203; x_wconf 88' lang='lat' dir='ltr'><strong>vel</strong></span> <span class='ocrx_word' id='word_1_123' title='bbox 1354 3224 1359 3232; x_wconf 18' lang='grc' dir='ltr'><em>ι</em></span> 
     </span>
    </p>
   </div>
   <div class='ocr_carea' id='block_1_11' title="bbox 48 3241 1311 3328">
    <p class='ocr_par' dir='ltr' id='par_1_11' title="bbox 48 3241 1311 3328">
     <span class='ocr_line' id='line_1_18' title="bbox 48 3241 1311 3328; baseline 0.002 -20"><span class='ocrx_word' id='word_1_124' title='bbox 48 3273 51 3277; x_wconf 91' lang='grc'><em>·</em></span> <span class='ocrx_word' id='word_1_125' title='bbox 177 3242 316 3328; x_wconf 81' lang='lat' dir='ltr'><strong>tegulas,</strong></span> <span class='ocrx_word' id='word_1_126' title='bbox 333 3250 390 3309; x_wconf 88' lang='lat' dir='ltr'><strong>ant</strong></span> <span class='ocrx_word' id='word_1_127' title='bbox 404 3243 543 3328; x_wconf 89' lang='lat' dir='ltr'><strong>tabulas,</strong></span> <span class='ocrx_word' id='word_1_128' title='bbox 560 3241 614 3310; x_wconf 84' lang='lat' dir='ltr'><strong>vel</strong></span> <span class='ocrx_word' id='word_1_129' title='bbox 631 3243 673 3308; x_wconf 94' lang='lat' dir='ltr'><strong>ad</strong></span> <span class='ocrx_word' id='word_1_130' title='bbox 689 3241 750 3309; x_wconf 91' lang='lat' dir='ltr'><strong>heo</strong></span> <span class='ocrx_word' id='word_1_131' title='bbox 765 3241 895 3328; x_wconf 89' lang='lat' dir='ltr'><strong>similia,</strong></span> <span class='ocrx_word' id='word_1_132' title='bbox 912 3244 982 3310; x_wconf 85' lang='lat' dir='ltr'><strong>sive</strong></span> <span class='ocrx_word' id='word_1_133' title='bbox 999 3243 1042 3309; x_wconf 88' lang='lat' dir='ltr'><strong>ad</strong></span> <span class='ocrx_word' id='word_1_134' title='bbox 1052 3243 1189 3310; x_wconf 90' lang='lat' dir='ltr'><strong>choreas</strong></span> <span class='ocrx_word' id='word_1_135' title='bbox 1199 3243 1311 3310; x_wconf 85' lang='lat' dir='ltr'><strong>mulie-</strong></span> 
     </span>
    </p>
   </div>
   <div class='ocr_carea' id='block_1_12' title="bbox 173 3350 1392 4733">
    <p class='ocr_par' dir='ltr' id='par_1_12' title="bbox 173 3350 1392 4733">
     <span class='ocr_line' id='line_1_19' title="bbox 174 3350 1306 3438; baseline 0 -20"><span class='ocrx_word' id='word_1_136' title='bbox 174 3371 245 3418; x_wconf 90' lang='lat' dir='ltr'><strong>rum</strong></span> <span class='ocrx_word' id='word_1_137' title='bbox 262 3350 375 3417; x_wconf 88' lang='lat' dir='ltr'><strong>ludere</strong></span> <span class='ocrx_word' id='word_1_138' title='bbox 391 3357 511 3418; x_wconf 90' lang='lat' dir='ltr'><strong>temere</strong></span> <span class='ocrx_word' id='word_1_139' title='bbox 527 3357 801 3438; x_wconf 88' lang='lat' dir='ltr'><strong>presumpserunt,</strong></span> <span class='ocrx_word' id='word_1_140' title='bbox 818 3354 903 3419; x_wconf 89' lang='lat' dir='ltr'><strong>latas</strong></span> <span class='ocrx_word' id='word_1_141' title='bbox 919 3351 952 3418; x_wconf 91' lang='lat' dir='ltr'><strong>in</strong></span> <span class='ocrx_word' id='word_1_142' title='bbox 970 3351 1102 3419; x_wconf 82' lang='lat' dir='ltr'><strong>talasio</strong></span> <span class='ocrx_word' id='word_1_143' title='bbox 1121 3353 1306 3419; x_wconf 87' lang='lat' dir='ltr'><strong>Provincia-</strong></span> 
     </span>
     <span class='ocr_line' id='line_1_20' title="bbox 176 3454 1310 3545; baseline 0 -20"><span class='ocrx_word' id='word_1_144' title='bbox 176 3459 264 3526; x_wconf 92' lang='lat' dir='ltr'><strong>libus</strong></span> <span class='ocrx_word' id='word_1_145' title='bbox 281 3454 436 3525; x_wconf 82' lang='lat' dir='ltr'><strong>Conciliis</strong></span> <span class='ocrx_word' id='word_1_146' title='bbox 462 3458 683 3525; x_wconf 82' lang='lat' dir='ltr'><strong>Gradensibus</strong></span> <span class='ocrx_word' id='word_1_147' title='bbox 710 3467 742 3526; x_wconf 93' lang='lat' dir='ltr'><strong>et</strong></span> <span class='ocrx_word' id='word_1_148' title='bbox 765 3457 906 3545; x_wconf 83' lang='lat' dir='ltr'><strong>Synodis</strong></span> <span class='ocrx_word' id='word_1_149' title='bbox 931 3478 988 3544; x_wconf 90' lang='lat' dir='ltr'><strong>per</strong></span> <span class='ocrx_word' id='word_1_150' title='bbox 1014 3459 1206 3527; x_wconf 86' lang='lat' dir='ltr'><strong>Patriacbas</strong></span> <span class='ocrx_word' id='word_1_151' title='bbox 1232 3459 1310 3526; x_wconf 80' lang='lat' dir='ltr'><strong>Gra-</strong></span> 
     </span>
     <span class='ocr_line' id='line_1_21' title="bbox 176 3565 1309 3654; baseline -0.001 -20"><span class='ocrx_word' id='word_1_152' title='bbox 176 3568 295 3634; x_wconf 83' lang='lat' dir='ltr'><strong>denses</strong></span> <span class='ocrx_word' id='word_1_153' title='bbox 315 3574 347 3632; x_wconf 90' lang='lat' dir='ltr'><strong>et</strong></span> <span class='ocrx_word' id='word_1_154' title='bbox 362 3565 542 3650; x_wconf 80' lang='lat' dir='ltr'><strong>Veglenses</strong></span> <span class='ocrx_word' id='word_1_155' title='bbox 560 3566 738 3652; x_wconf 85' lang='lat' dir='ltr'><strong>Episcopus</strong></span> <span class='ocrx_word' id='word_1_156' title='bbox 754 3574 886 3654; x_wconf 85' lang='lat' dir='ltr'><strong>propter</strong></span> <span class='ocrx_word' id='word_1_157' title='bbox 911 3567 983 3654; x_wconf 90' lang='lat' dir='ltr'><strong>hoo,</strong></span> <span class='ocrx_word' id='word_1_158' title='bbox 1000 3573 1031 3633; x_wconf 93' lang='lat' dir='ltr'><strong>et</strong></span> <span class='ocrx_word' id='word_1_159' title='bbox 1057 3567 1133 3651; x_wconf 90' lang='lat' dir='ltr'><strong>quia</strong></span> <span class='ocrx_word' id='word_1_160' title='bbox 1158 3567 1309 3635; x_wconf 86' lang='lat' dir='ltr'><strong>constitu-</strong></span> 
     </span>
     <span class='ocr_line' id='line_1_22' title="bbox 176 3659 1305 3760; baseline -0.001 -19"><span class='ocrx_word' id='word_1_161' title='bbox 176 3678 282 3742; x_wconf 89' lang='lat' dir='ltr'><strong>tiones</strong></span> <span class='ocrx_word' id='word_1_162' title='bbox 298 3673 383 3741; x_wconf 90' lang='lat' dir='ltr'><strong>aliae</strong></span> <span class='ocrx_word' id='word_1_163' title='bbox 400 3674 433 3738; x_wconf 93' lang='lat' dir='ltr'><strong>in</strong></span> <span class='ocrx_word' id='word_1_164' title='bbox 451 3673 603 3740; x_wconf 84' lang='lat' dir='ltr'><strong>Oonciliis</strong></span> <span class='ocrx_word' id='word_1_165' title='bbox 616 3659 652 3740; x_wconf 86' lang='lat' dir='ltr'><strong>et</strong></span> <span class='ocrx_word' id='word_1_166' title='bbox 664 3674 805 3758; x_wconf 87' lang='lat' dir='ltr'><strong>Synodis</strong></span> <span class='ocrx_word' id='word_1_167' title='bbox 815 3674 971 3760; x_wconf 87' lang='lat' dir='ltr'><strong>predictis</strong></span> <span class='ocrx_word' id='word_1_168' title='bbox 988 3695 1053 3741; x_wconf 91' lang='lat' dir='ltr'><strong>non</strong></span> <span class='ocrx_word' id='word_1_169' title='bbox 1063 3681 1241 3759; x_wconf 87' lang='lat' dir='ltr'><strong>servarunt,</strong></span> <span class='ocrx_word' id='word_1_170' title='bbox 1259 3697 1305 3742; x_wconf 83' lang='lat' dir='ltr'><strong>ex·</strong></span> 
     </span>
     <span class='ocr_line' id='line_1_23' title="bbox 174 3783 1307 3869; baseline 0.001 -22"><span class='ocrx_word' id='word_1_171' title='bbox 174 3783 502 3849; x_wconf 86' lang='lat' dir='ltr'><strong>communicationum</strong></span> <span class='ocrx_word' id='word_1_172' title='bbox 518 3783 696 3849; x_wconf 90' lang='lat' dir='ltr'><strong>sententias</strong></span> <span class='ocrx_word' id='word_1_173' title='bbox 722 3783 943 3869; x_wconf 87' lang='lat' dir='ltr'><strong>incurrerunt;</strong></span> <span class='ocrx_word' id='word_1_174' title='bbox 961 3803 1095 3866; x_wconf 89' lang='lat' dir='ltr'><strong>quorum</strong></span> <span class='ocrx_word' id='word_1_175' title='bbox 1112 3784 1215 3869; x_wconf 88' lang='lat' dir='ltr'><strong>aliqui</strong></span> <span class='ocrx_word' id='word_1_176' title='bbox 1249 3805 1307 3868; x_wconf 91' lang='lat' dir='ltr'><strong>per</strong></span> 
     </span>
     <span class='ocr_line' id='line_1_24' title="bbox 175 3890 1306 3977; baseline 0 -21"><span class='ocrx_word' id='word_1_177' title='bbox 175 3890 423 3977; x_wconf 87' lang='lat' dir='ltr'><strong>simplicitatem</strong></span> <span class='ocrx_word' id='word_1_178' title='bbox 439 3901 472 3956; x_wconf 91' lang='lat' dir='ltr'><strong>et</strong></span> <span class='ocrx_word' id='word_1_179' title='bbox 487 3891 568 3957; x_wconf 89' lang='lat' dir='ltr'><strong>iuris</strong></span> <span class='ocrx_word' id='word_1_180' title='bbox 584 3891 805 3974; x_wconf 86' lang='lat' dir='ltr'><strong>ignorantiam</strong></span> <span class='ocrx_word' id='word_1_181' title='bbox 823 3899 1016 3976; x_wconf 90' lang='lat' dir='ltr'><strong>receperunt</strong></span> <span class='ocrx_word' id='word_1_182' title='bbox 1040 3891 1185 3960; x_wconf 85' lang='lat' dir='ltr'><strong>ordines</strong></span> <span class='ocrx_word' id='word_1_183' title='bbox 1198 3893 1246 3958; x_wconf 90' lang='lat' dir='ltr'><strong>sie</strong></span> <span class='ocrx_word' id='word_1_184' title='bbox 1270 3891 1306 3957; x_wconf 94' lang='lat' dir='ltr'><strong>li-</strong></span> 
     </span>
     <span class='ocr_line' id='line_1_25' title="bbox 175 3997 1309 4085; baseline 0.002 -21"><span class='ocrx_word' id='word_1_185' title='bbox 175 3999 257 4085; x_wconf 85' lang='lat' dir='ltr'><strong>gati,</strong></span> <span class='ocrx_word' id='word_1_186' title='bbox 273 4003 305 4064; x_wconf 88' lang='lat' dir='ltr'><strong>et</strong></span> <span class='ocrx_word' id='word_1_187' title='bbox 320 3997 545 4066; x_wconf 88' lang='lat' dir='ltr'><strong>ministrarunt</strong></span> <span class='ocrx_word' id='word_1_188' title='bbox 562 3999 659 4064; x_wconf 86' lang='lat' dir='ltr'><strong>etiarn</strong></span> <span class='ocrx_word' id='word_1_189' title='bbox 676 3997 709 4063; x_wconf 92' lang='lat' dir='ltr'><strong>in</strong></span> <span class='ocrx_word' id='word_1_190' title='bbox 727 3998 869 4065; x_wconf 86' lang='lat' dir='ltr'><strong>eisdem:</strong></span> <span class='ocrx_word' id='word_1_191' title='bbox 886 4019 990 4082; x_wconf 85' lang='lat' dir='ltr'><strong>quare</strong></span> <span class='ocrx_word' id='word_1_192' title='bbox 1006 3999 1047 4065; x_wconf 92' lang='lat' dir='ltr'><strong>de</strong></span> <span class='ocrx_word' id='word_1_193' title='bbox 1063 3999 1176 4065; x_wconf 87' lang='lat' dir='ltr'><strong>talium</strong></span> <span class='ocrx_word' id='word_1_194' title='bbox 1201 3999 1309 4066; x_wconf 90' lang='lat' dir='ltr'><strong>salute</strong></span> 
     </span>
     <span class='ocr_line' id='line_1_26' title="bbox 173 4103 1308 4192; baseline -0.002 -18"><span class='ocrx_word' id='word_1_195' title='bbox 173 4107 337 4191; x_wconf 87' lang='lat' dir='ltr'><strong>sollicitus</strong></span> <span class='ocrx_word' id='word_1_196' title='bbox 353 4127 374 4172; x_wconf 88' lang='lat' dir='ltr'><strong>a</strong></span> <span class='ocrx_word' id='word_1_197' title='bbox 389 4106 485 4174; x_wconf 91' lang='lat' dir='ltr'><strong>uobis</strong></span> <span class='ocrx_word' id='word_1_198' title='bbox 504 4107 696 4192; x_wconf 86' lang='lat' dir='ltr'><strong>suppliciter</strong></span> <span class='ocrx_word' id='word_1_199' title='bbox 711 4107 884 4192; x_wconf 89' lang='lat' dir='ltr'><strong>postulasti</strong></span> <span class='ocrx_word' id='word_1_200' title='bbox 902 4107 948 4174; x_wconf 87' lang='lat' dir='ltr'><strong>eis</strong></span> <span class='ocrx_word' id='word_1_201' title='bbox 965 4127 1023 4192; x_wconf 89' lang='lat' dir='ltr'><strong>per</strong></span> <span class='ocrx_word' id='word_1_202' title='bbox 1039 4103 1155 4173; x_wconf 87' lang='lat' dir='ltr'><strong>Sedem</strong></span> <span class='ocrx_word' id='word_1_203' title='bbox 1173 4107 1308 4190; x_wconf 82' lang='lat' dir='ltr'><strong>Aposto-</strong></span> 
     </span>
     <span class='ocr_line' id='line_1_27' title="bbox 176 4211 1308 4300; baseline 0.002 -21"><span class='ocrx_word' id='word_1_204' title='bbox 176 4214 274 4280; x_wconf 87' lang='lat' dir='ltr'><strong>lieam</strong></span> <span class='ocrx_word' id='word_1_205' title='bbox 291 4212 332 4280; x_wconf 90' lang='lat' dir='ltr'><strong>de</strong></span> <span class='ocrx_word' id='word_1_206' title='bbox 350 4213 562 4281; x_wconf 87' lang='lat' dir='ltr'><strong>absolutionis</strong></span> <span class='ocrx_word' id='word_1_207' title='bbox 577 4213 734 4280; x_wconf 87' lang='lat' dir='ltr'><strong>beneficio</strong></span> <span class='ocrx_word' id='word_1_208' title='bbox 749 4213 923 4300; x_wconf 86' lang='lat' dir='ltr'><strong>provideri.</strong></span> <span class='ocrx_word' id='word_1_209' title='bbox 951 4213 1017 4280; x_wconf 86' lang='lat' dir='ltr'><strong>Nos</strong></span> <span class='ocrx_word' id='word_1_210' title='bbox 1040 4212 1147 4299; x_wconf 83' lang='lat' dir='ltr'><strong>igitur,</strong></span> <span class='ocrx_word' id='word_1_211' title='bbox 1176 4211 1231 4296; x_wconf 89' lang='lat' dir='ltr'><strong>qui</strong></span> <span class='ocrx_word' id='word_1_212' title='bbox 1257 4234 1308 4281; x_wconf 89' lang='lat' dir='ltr'><strong>sa·</strong></span> 
     </span>
     <span class='ocr_line' id='line_1_28' title="bbox 173 4321 1309 4408; baseline 0.001 -23"><span class='ocrx_word' id='word_1_213' title='bbox 173 4323 274 4386; x_wconf 88' lang='lat' dir='ltr'><strong>lutem</strong></span> <span class='ocrx_word' id='word_1_214' title='bbox 291 4321 456 4405; x_wconf 86' lang='lat' dir='ltr'><strong>querimus</strong></span> <span class='ocrx_word' id='word_1_215' title='bbox 472 4321 681 4408; x_wconf 86' lang='lat' dir='ltr'><strong>singulorum,</strong></span> <span class='ocrx_word' id='word_1_216' title='bbox 700 4322 894 4390; x_wconf 82' lang='lat' dir='ltr'><strong>absolvendi</strong></span> <span class='ocrx_word' id='word_1_217' title='bbox 914 4322 998 4389; x_wconf 89' lang='lat' dir='ltr'><strong>tales</strong></span> <span class='ocrx_word' id='word_1_218' title='bbox 1024 4342 1043 4386; x_wconf 92' lang='lat' dir='ltr'><strong>a</strong></span> <span class='ocrx_word' id='word_1_219' title='bbox 1074 4321 1229 4408; x_wconf 88' lang='lat' dir='ltr'><strong>predictis</strong></span> <span class='ocrx_word' id='word_1_220' title='bbox 1257 4343 1309 4388; x_wconf 88' lang='lat' dir='ltr'><strong>ex-</strong></span> 
     </span>
     <span class='ocr_line' id='line_1_29' title="bbox 176 4427 1306 4515; baseline 0.002 -21"><span class='ocrx_word' id='word_1_221' title='bbox 176 4429 499 4496; x_wconf 85' lang='lat' dir='ltr'><strong>communicationum</strong></span> <span class='ocrx_word' id='word_1_222' title='bbox 518 4429 686 4496; x_wconf 87' lang='lat' dir='ltr'><strong>sententiis</strong></span> <span class='ocrx_word' id='word_1_223' title='bbox 704 4450 760 4515; x_wconf 89' lang='lat' dir='ltr'><strong>per</strong></span> <span class='ocrx_word' id='word_1_224' title='bbox 778 4437 809 4495; x_wconf 92' lang='lat' dir='ltr'><strong>te</strong></span> <span class='ocrx_word' id='word_1_225' title='bbox 826 4431 879 4496; x_wconf 84' lang='lat' dir='ltr'><strong>vel</strong></span> <span class='ocrx_word' id='word_1_226' title='bbox 905 4448 962 4514; x_wconf 90' lang='lat' dir='ltr'><strong>per</strong></span> <span class='ocrx_word' id='word_1_227' title='bbox 987 4428 1099 4514; x_wconf 84' lang='lat' dir='ltr'><strong>aliurn,</strong></span> <span class='ocrx_word' id='word_1_228' title='bbox 1126 4429 1219 4496; x_wconf 83' lang='lat' dir='ltr'><strong>iuxta</strong></span> <span class='ocrx_word' id='word_1_229' title='bbox 1242 4427 1306 4496; x_wconf 85' lang='lat' dir='ltr'><strong>for·</strong></span> 
     </span>
     <span class='ocr_line' id='line_1_30' title="bbox 175 4536 1392 4625; baseline 0.003 -23"><span class='ocrx_word' id='word_1_230' title='bbox 175 4557 261 4603; x_wconf 90' lang='lat' dir='ltr'><strong>mam</strong></span> <span class='ocrx_word' id='word_1_231' title='bbox 277 4536 648 4625; x_wconf 79' lang='lat' dir='ltr'><strong>Ecclesierioenostra,</strong></span> <span class='ocrx_word' id='word_1_232' title='bbox 666 4546 697 4604; x_wconf 88' lang='lat' dir='ltr'><strong>ot</strong></span> <span class='ocrx_word' id='word_1_233' title='bbox 726 4536 936 4622; x_wconf 89' lang='lat' dir='ltr'><strong>dispensandi</strong></span> <span class='ocrx_word' id='word_1_234' title='bbox 971 4555 1040 4604; x_wconf 89' lang='lat' dir='ltr'><strong>curn</strong></span> <span class='ocrx_word' id='word_1_235' title='bbox 1059 4536 1105 4603; x_wconf 93' lang='lat' dir='ltr'><strong>eis</strong></span> <span class='ocrx_word' id='word_1_236' title='bbox 1136 4545 1168 4604; x_wconf 89' lang='lat' dir='ltr'><strong>et</strong></span> <span class='ocrx_word' id='word_1_237' title='bbox 1199 4557 1308 4606; x_wconf 90' lang='lat' dir='ltr'><strong>eorum</strong></span> <span class='ocrx_word' id='word_1_238' title='bbox 1391 4565 1392 4568; x_wconf 43' lang='lat'>¹</span> 
     </span>
     <span class='ocr_line' id='line_1_31' title="bbox 176 4644 1312 4733; baseline 0.004 -21"><span class='ocrx_word' id='word_1_239' title='bbox 176 4644 323 4728; x_wconf 87' lang='lat' dir='ltr'><strong>quolibet</strong></span> <span class='ocrx_word' id='word_1_240' title='bbox 347 4663 444 4731; x_wconf 85' lang='lat' dir='ltr'><strong>super</strong></span> <span class='ocrx_word' id='word_1_241' title='bbox 468 4645 722 4733; x_wconf 83' lang='lat' dir='ltr'><strong>irregularitate,</strong></span> <span class='ocrx_word' id='word_1_242' title='bbox 748 4647 775 4713; x_wconf 93' lang='lat' dir='ltr'><strong>si</strong></span> <span class='ocrx_word' id='word_1_243' title='bbox 801 4666 898 4730; x_wconf 87' lang='lat' dir='ltr'><strong>quam</strong></span> <span class='ocrx_word' id='word_1_244' title='bbox 925 4646 1044 4712; x_wconf 88' lang='lat' dir='ltr'><strong>exinde</strong></span> <span class='ocrx_word' id='word_1_245' title='bbox 1070 4653 1312 4718; x_wconf 78' lang='lat' dir='ltr'><strong>contraxerunt,</strong></span> 
     </span>
    </p>
   </div>
   <div class='ocr_carea' id='block_1_13' title="bbox 0 0 1624 5194">
    <p class='ocr_par' dir='ltr' id='par_1_13' title="bbox 0 0 1624 5194">
     <span class='ocr_line' id='line_1_32' title="bbox 0 0 1624 5194; baseline 0 0"><span class='ocrx_word' id='word_1_246' title='bbox 0 0 1624 5194; x_wconf 95' lang='lat' dir='ltr'><strong> </strong></span> 
     </span>
    </p>
   </div>
  </div>
 </body>
</html>
