3124 5194
570 313 731 412 Q„

84 523 211 570 mareas
230 508 310 592 puri
327 513 359 572 et
375 507 433 572 fini
457 507 584 590 urgenti
601 527 709 573 coram
728 506 880 594 capitulo
912 499 1076 576 Waciensi
1106 507 1139 574 in
1155 516 1216 577 ter-

77 614 171 680 minis
187 613 415 702 infrascriptis
431 615 548 684 comiti
563 617 671 684 Mrdeu
692 617 901 703 supradict03
918 601 1214 704 videlicet'inquin-

60 723 167 789 ‚denis
193 723 315 791 Sancti
331 725 500 793 Michaelis
526 745 613 793 nunc
636 728 782 794 venturis
815 729 919 794 soluet
945 727 1118 810 sexaginta
1134 749 1215 794 mar·

76 851 148 914 cae;
167 832 250 898 item
269 833 306 898 in
323 834 496 916 quindenis
512 835 699 921 Epiphania
724 835 855 902 Domini
873 837 979 904 soluet
995 835 1215 921 quadraginta

8 955 9 960 ’
75 959 201 1006 marcas
222 963 229 1024 ς
245 941 326 1007 item
341 942 376 1007 in
392 945 518 1010 octenis
528 944 759 1010 Penthecostes
776 944 880 1010 soluet
896 943 1115 1028 quadraginta
1131 963 1213 1008 mar·

76 1067 149 1134 eas;
166 1051 251 1116 item
269 1052 304 1118 iu
336 1052 511 1135 quindenis
528 1049 639 1118 Sancti
657 1051 823 1118 Michaelis
839 1053 975 1118 alterius
991 1051 1143 1118 videlicet
1167 1047 1211 1116 fc·
1248 1076 1258 1094 ·

77 1161 236 1232 stiuitatis
254 1162 362 1228 soluet
378 1158 599 1244 quadraginta
625 1178 774 1243 marcas;
805 1160 883 1226 item
899 1161 933 1225 in
954 1157 1125 1242 quindenis
1141 1158 1215 1243 Epi-

77 1271 196 1356 phanie
214 1269 351 1338 Domini
377 1265 524 1336 similiter
550 1267 685 1336 alterius
716 1265 925 1354 festiuitatis,
957 1267 1069 1333 vltimo
1087 1264 1214 1332 scilicet

76 1378 211 1447 termino
238 1378 356 1444 totalis
373 1374 486 1462 debiti,
517 1377 642 1444 soluere
666 1383 794 1442 tenetur
825 1375 1043 1460 quadraginta
1074 1374 1215 1456 quinque

78 1505 211 1554 marcas.
228 1486 308 1553 'Pali
323 1505 408 1573 pena
424 1503 482 1552 seu
509 1483 714 1568 obligacione
744 1483 946 1570 interposita,
979 1481 1066 1566 quud
1081 1481 1110 1547 si
1125 1479 1213 1546 idem

77 1593 237 1677 Magister
253 1593 434 1680 Dyonisius
460 1593 553 1680 prius
579 1591 720 1659 debitum
747 1592 921 1677 sexaginta
952 1608 1133 1656 marcarum
1149 1606 1213 1653 non

81 1703 289 1790 persoluerit,
308 1704 452 1769 incurret
471 1700 635 1785 judicium
650 1701 798 1785 Regale;
828 1699 857 1767 si
873 1697 1051 1766 secundum
1068 1696 1212 1764 obmitte-

10 1882 15 1890 ,
79 1815 124 1874 ret
139 1808 173 1874 in
190 1809 365 1894 soluendo,
387 1811 487 1876 intret
502 1830 623 1895 penam
638 1809 751 1894 dupli3
767 1807 845 1875 item
872 1807 900 1874 si
917 1806 1051 1874 tercium
1069 1804 1212 1871 debitum

80 1914 154 1982 dare
170 1937 241 1984 non
260 1923 401 1996 curaret,
417 1915 567 1984 similiter
583 1935 666 2002 pene
698 1915 789 2000 dupli
805 1913 1010 2010 subiacebit3
1041 1914 1119 1982 item
1135 1912 1162 1978 si
1178 1911 1212 1980 in

81 2031 192 2106 quarto
209 2024 354 2090 termino
372 2023 545 2109 negligens
560 2024 653 2090 lieret
672 2023 705 2088 in
722 2017 892 2108 soluendo,
907 2039 997 2108 pena
1012 2019 1104 2105 dupli
1119 2038 1214 2103 agra·

80 2138 194 2217 uatur;
210 2132 294 2198 item
324 2131 351 2198 si
369 2131 516 2214 quintum
535 2138 568 2196 et
584 2131 735 2197 ultimum
766 2129 909 2198 debitum
939 2150 1004 2196 non
1021 2125 1213 2216 persoluerit

13 2288 18 2297 .
82 2241 236 2326 plenarie,
253 2242 383 2309 amittet
413 2241 501 2308 idern
532 2241 689 2326 Magister
705 2240 884 2328 Dyonisius
917 2259 1047 2307 omnem
1078 2236 1212 2304 totalem

0 2352 1 2361 ’
83 2350 251 2430 pecuniam
269 2368 363 2416 suam
379 2350 413 2414 in
429 2349 590 2433 prioribus
616 2355 754 2434 quatuor
770 2348 916 2416 terminis
932 2334 1026 2412 modo
1042 2343 1212 2434 prehabito

83 2456 292 2540 persolutam.
308 2459 461 2525 Preterea
478 2457 623 2543 prefatus
641 2456 755 2524 (lomes
780 2454 888 2523 Erdeu
902 2463 1086 2542 spontanea
1101 2457 1213 2523 volun·

86 2568 147 2630 tate
163 2566 277 2631 omnia
294 2564 477 2651 priuilegia,
493 2572 524 2630 et
541 2586 650 2632 omnes
668 2565 796 2636 litteras
822 2583 880 2631 seu
896 2565 1121 2650 instrumenta,
1136 2583 1212 2648 que-

8 2742 9 2745 ,
85 2690 206 2754 cunque
217 2693 278 2739 seu
295 2674 533 2756 qualescunque
543 2672 681 2740 haberet
691 2671 725 2738 in
735 2671 796 2740 hoc
806 2671 903 2758 facto,
912 2679 1055 2739 statuere
1065 2690 1211 2756 assump-

87 2779 123 2844 sit
137 2779 170 2844 in
185 2802 303 2848 manus
320 2781 470 2862 Magistri
485 2779 627 2864 Nicolay
640 2779 698 2864 filij
716 2779 880 2858 Simonis,
914 2775 1093 2846 Castellani
1109 2777 1212 2843 nostri

86 2883 116 2950 iu
132 2885 276 2970 Zelrchu,
294 2906 389 2971 quem
414 2893 525 2972 partes
543 2887 586 2951 ad
603 2887 665 2954 hoc
682 2887 894 2954 communiter
911 2885 1202 2972 elegeruntperso·

87 2993 150 3062 luto
166 3003 277 3062 tamen
298 2995 397 3080 priori
414 2993 521 3060 debito
548 2993 675 3080 prefato
690 3013 749 3081 per
765 2992 901 3062 eundem
918 2993 1108 3077 Magistrum
1123 2993 1212 3080 Dyc·

89 3103 199 3170 cisium
219 3103 339 3172 Comiti
359 3101 466 3170 Erdeu
492 3105 702 3189 supradicto;
732 3123 794 3188 que
818 3102 971 3170 videlicet
986 3100 1096 3168 omnia
1110 3100 1211 3187 prini-

90 3211 177 3298 legia,
194 3213 413 3280 instrumenta
436 3232 492 3279 seu
509 3215 644 3298 litteras,
662 3217 835 3297 postquam
861 3211 1020 3293 Magister
1035 3207 1210 3296 Dyonisius

90 3319 229 3404 plenarie
248 3331 280 3386 et
296 3321 437 3388 finaliter
452 3321 545 3388 iuxta
564 3341 656 3388 suam
676 3320 868 3406 premissam
887 3315 1124 3402 obligacionem
1140 3334 1210 3404 pre

90 3425 186 3493 satum
202 3429 306 3495 totale
322 3428 469 3496 debitum
484 3430 675 3515 persoluerit
687 3428 803 3495 Comiti
819 3426 929 3493 Erdeu
944 3429 1009 3494 iam
1031 3424 1125 3509 dicto,
1141 3443 1211 3513 pro

92 3531 173 3602 latus
187 3537 344 3619 Magister
359 3535 515 3604 Nicolaus
533 3536 619 3604 filius
638 3537 781 3602 Simonis
807 3534 897 3602 dabit
914 3540 946 3602 et
961 3533 1154 3621 assignabit,
1169 3532 1211 3600 si·

92 3641 149 3707 cuti
165 3652 278 3728 partes
310 3644 502 3712 ordinarunt
531 3645 616 3711 inter
632 3664 676 3729 sc,
699 3645 734 3710 iu
749 3665 864 3710 manus
890 3642 1036 3725 Magistri
1061 3640 1209 3730 Dyonisij

94 3753 264 3818 memorati.
281 3753 430 3820 Ceterum
446 3751 474 3820 si
491 3752 657 3837 predictus
675 3750 789 3819 Comes
816 3751 922 3817 Mrdeu
938 3751 1068 3834 aliquas
1083 3748 1211 3818 litteras

2 3890 5 3893 ·
92 3875 142 3923 seu
157 3858 372 3926 instrumenta
388 3881 447 3946 pro
464 3861 607 3926 utilitate
633 3860 791 3926 dictarum
815 3861 1056 3946 possessionum
1073 3857 1212 3943 Kethpe·

5 4006 9 4016 ,
93 3960 150 4031 hen
165 3967 280 4034 habita
296 3987 354 4053 pro
370 3987 407 4034 se
424 3975 615 4052 reseruaret,
632 3975 665 4034 et
680 3969 837 4050 Magistro
863 3967 1006 4054 Nicolao,
1024 3973 1080 4034 aut
1096 3970 1211 4052 postea

93 4071 240 4157 Magistro
256 4076 416 4160 Dyonisio
442 4096 507 4143 nun
532 4077 736 4163 assignaret,
762 4076 1018 4161 quandocunque
1033 4079 1065 4141 et
1079 4071 1209 4139 ubieun-

94 4199 149 4261 que
164 4185 196 4250 in
213 4185 305 4252 litem
321 4185 480 4270 producta
497 4185 621 4273 fierent,
639 4207 696 4272 pro
713 4187 816 4253 cassis
833 4191 864 4252 et
888 4181 987 4250 irritis
1004 4183 1209 4267 haberentur.

4 4345 5 4348 ,
94 4289 202 4358 Datum
218 4293 310 4360 Bude
325 4299 440 4360 octauo
472 4293 535 4382 dyc
567 4293 680 4360 Sancti
695 4291 855 4362 Johannis
881 4291 1027 4376 Baptista
1043 4308 1130 4356 anno
1144 4287 1210 4355 Do·

95 4397 163 4464 nini
177 4399 289 4468 med
306 4400 516 4486 nonagesimo
533 4400 679 4488 septimo.
1014 4493 1017 4500 ‚

99 4536 129 4606 (l
140 4539 213 4598 vteai
226 4542 415 4617 kdptalannak
430 4547 544 4601 tatto-ki
553 4543 737 4614 regrehajttsi
747 4539 1012 4613 bircnyitvdnylbbl,
1038 4547 1107 4598 mint
1126 4535 1211 4596 aldbb

573 4639 678 4696 Mtte·
692 4637 731 4703 e.)
