3234 5194
97 1067 127 1134 A
146 1073 357 1139 karentone
374 1074 474 1138 dadai
488 1074 714 1160 koaoeatje'aclc
730 1075 878 1161 bizoayoe
901 1075 1001 1138 dadai
1017 1073 1117 1139 aadlld
1145 1073 1250 1137 eluda'-

374 1187 425 1248 adt
440 1185 598 1268 tdrpyccd
613 1183 884 1269 dizoayeo‘glecelc.
902 1179 997 1246 1290.

212 1355 385 1425 Omnibus
402 1357 522 1426 Christi
539 1359 687 1426 fidelibus
703 1368 886 1446 presentem
904 1359 1057 1446 paginam
1075 1355 1248 1440 habituris,

101 1462 209 1530 trater
219 1465 400 1549 Nyeolaus
420 1465 511 1533 Prior
519 1473 553 1532 et
564 1465 747 1534 Gonucntus
760 1466 998 1534 cruciferorum
1008 1463 1155 1530 Ecclesie
1169 1464 1248 1529 San-

23 1669 24 1672 ¹
103 1577 153 1634 ote
173 1571 362 1639 Trinitatis
382 1573 423 1638 de
439 1571 566 1640 Calidis
595 1574 698 1656 Aquis
719 1575 858 1640 salutem
879 1576 912 1638 iu
933 1573 1071 1638 Domino
1084 1571 1250 1657 sempiter-

103 1677 310 1756 namQuum
322 1700 384 1762 quc
394 1686 547 1763 geruntur
559 1689 589 1748 et
601 1689 796 1766 agentense
806 1682 1090 1764 lapsutemporum
1102 1676 1242 1742 dilaban-

105 1795 164 1870 tur,
181 1787 337 1855 bumana
352 1788 478 1855 inuenit
493 1790 593 1875 racio,
611 1796 645 1856 vt
660 1809 700 1855 ea
721 1799 831 1856 tenore
841 1786 1084 1875 priuilegiorum
1105 1785 1137 1850 in
1155 1804 1248 1850 cuum

103 1877 342 1976 'perdurentna
374 1895 425 1961 Ad
443 1897 662 1964 uniuersorum
693 1897 791 1981 igitur
822 1906 888 1964 tam
916 1896 1120 1982 presencium
1154 1911 1251 1976 quam

107 2000 295 2070 futurorum
314 2007 465 2072 noticiam
482 2003 596 2072 harum
624 2005 707 2072 serie
732 2005 947 2088 declaramus,
965 2003 1050 2088 quod
1081 1999 1251 2086 Georgius,

107 2109 282 2197 Nycolaus
301 2119 334 2177 ct
350 2111 501 2197 Mychael
519 2111 575 2198 filij
594 2113 753 2180 Johannis
781 2111 904 2198 (lybosi
931 2113 971 2179 de
996 2111 1135 2195 Wrsegh
1161 2107 1250 2196 (vi)ri

107 2219 188 2284 bone
205 2224 380 2308 memorie,
391 2221 520 2288 nomine
536 2241 594 2287 suo
610 2229 642 2288 et
658 2223 786 2289 nomine
803 2221 961 2290 lobannis
978 2221 1090 2287 fratris
1108 2221 1247 2304 ipsorum

23 2319 26 2368 7
108 2329 149 2392 ab
165 2347 231 2394 vna
258 2335 367 2417 parte,
384 2329 538 2413 Magister
553 2329 701 2397 Andreas
718 2350 817 2413 gener
844 2329 975 2397 Comitis
1004 2329 1141 2394 lwanlra
1169 2326 1252 2397 ciuis

110 2432 148 2498 de
164 2434 326 2503 suburbio
343 2437 447 2503 Castri
475 2437 634 2505 Budensis
651 2457 691 2503 cx
717 2439 830 2523 altera,
865 2457 972 2505 coram
1005 2437 1097 2504 nobis
1123 2436 1253 2522 propria

112 2541 279 2610 constituti
313 2545 347 2610 in
378 2563 535 2630 persona,
565 2545 700 2631 predicti
735 2544 904 2631 Georgius,
941 2544 1108 2629 Nycolans
1126 2551 1157 2610 et
1182 2545 1250 2628 My-

23 2715 25 2744 ἶ
112 2646 201 2716 chael
235 2651 295 2738 filij
328 2652 465 2736 predicti
497 2651 655 2719 Johannis
671 2652 745 2719 vino
772 2671 838 2740 ore,
873 2659 980 2717 mente
1011 2671 1097 2718 sana
1122 2659 1154 2718 et
1182 2653 1252 2737 pari

23 2843 24 2848 ἵ
115 2763 186 2823 voto
211 2766 290 2825 sunt
322 2759 473 2842 confessi,
506 2759 742 2827 dimidietatem
758 2759 849 2826 vince
883 2763 1037 2844 ipsorum,
1082 2779 1144 2842 que
1168 2758 1253 2825 iuste

115 2869 146 2929 et
174 2866 325 2950 legitime
365 2867 405 2933 de
436 2867 591 2950 Magistro
616 2869 755 2935 Martino
786 2867 886 2934 fratrc
917 2868 1060 2953 ipsorum
1091 2867 1252 2934 deuolute

117 2973 229 3058 extitit,
246 2975 312 3042 sibi
341 2984 374 3042 et
405 2995 534 3042 suorum
551 2975 704 3043 heredum
731 2975 932 3060 possidenda
957 2983 989 3043 ct
1014 2974 1154 3042 tenenda
1186 2995 1254 3060 per·

23 3111 24 3114 ¹
119 3086 220 3170 petuo,
248 3104 314 3168 que
341 3085 444 3152 eciam
472 3085 504 3150 in
537 3084 732 3169 promotorio
766 3085 932 3151 Thusman
963 3089 1077 3150 vocato
1103 3083 1165 3151 sita
1193 3090 1253 3167 est,

119 3188 150 3253 in
185 3189 408 3260 vicinitatibus
453 3189 618 3260 uinearum
650 3191 804 3260 videlicet
846 3191 1006 3277 Ladialay
1038 3192 1096 3275 filij
1132 3191 1251 3273 Abrae,

23 3375 24 3378 Ἴ
123 3295 272 3364 Hermani
304 3297 346 3364 de
381 3298 508 3367 Kelhau
543 3300 583 3366 de
617 3299 731 3366 Castro
764 3298 969 3384 supradicto,
1003 3305 1034 3364 et
1059 3297 1180 3364 Gerlah
1214 3297 1254 3363 de

123 3401 291 3489 Creyufeld
324 3415 356 3474 et
388 3407 644 3494 conterminata,
679 3407 719 3474 de
751 3425 909 3474 consensu
927 3413 960 3472 et
976 3407 1061 3472 bona
1085 3407 1253 3474 voluntate

124 3512 257 3584 omnium
292 3521 507 3597 cognatorum
540 3521 571 3580 et
602 3517 820 3600 proximorum
855 3534 983 3581 suornm
1004 3515 1093 3582 nullo
1124 3514 1254 3599 penitus

125 3619 379 3709 contradicente,
412 3622 668 3690 assencientibus
700 3622 850 3688 omnlbus
883 3622 1114 3688 commetaneis
1161 3622 1254 3688 vince

126 3729 309 3814 supradicte,
325 3726 469 3815 predicto
487 3729 646 3813 Magistro
662 3729 801 3816 Andrec,
828 3737 859 3795 ct
885 3749 944 3815 per
976 3749 1048 3796 eum
1075 3729 1250 3798 dessoenti-

127 3832 180 3900 bus
197 3834 280 3923 (tgy)
297 3837 446 3904 omuibus
465 3855 598 3902 suorum
620 3857 838 3904 successorum
856 3838 924 3903 inre
941 3843 1145 3923 perpetaoet
1171 3838 1245 3904 irre·

128 3943 318 4026 uocabiliter,
338 3945 446 4027 quiete
463 3946 596 4031 pacifice
620 3946 803 4032 tenendam,
821 3945 1053 4031 possidendam
1071 3951 1103 4008 et
1128 3944 1247 4010 baben-

23 4129 24 4132 ,
130 4043 206 4132 dam,
223 4071 280 4135 pro
295 4051 412 4136 viginti
440 4053 556 4120 marcis
587 4053 645 4120 fini
677 4053 813 4138 argenti,
847 4072 928 4137 quas
960 4052 1055 4136 plene
1085 4049 1246 4139 recepisse

23 4201 25 4234 ;
130 4167 327 4228 asseruerunt
342 4161 385 4227 ab
402 4159 525 4244 ecdem,
544 4181 650 4228 coram
677 4161 769 4229 nobis
796 4159 1003 4241 vendidisse3
1029 4176 1248 4242 assumpmen-

23 4271 24 4274 ’
133 4268 173 4331 tes
188 4267 421 4356 nichylominus
450 4269 547 4356 ijdem
578 4271 751 4356 Georgius,
769 4272 935 4356 Nyoolans
961 4275 992 4336 et
1009 4267 1168 4356 llyobael,
1195 4263 1253 4348 filij

132 4369 275 4445 iamdicti
293 4378 465 4466 Jobannis,
494 4381 602 4467 ipsum
629 4382 819 4465 Magistrum
854 4379 1028 4464 Andrean,
1061 4384 1092 4444 et
1124 4395 1252 4444 suorum

23 4517 25 4534 ι
135 4477 271 4553 heredum
289 4507 476 4556 sucessores
492 4491 533 4556 ab
560 4489 708 4562 omnibus
736 4489 984 4556 molestantibus
1013 4497 1044 4553 et
1070 4485 1252 4571 inquietare

23 4735 32 5008 ,

24 4631 25 4636 κ
137 4587 303 4664 volentibus
334 4597 505 4668 occasione
521 4597 656 4664 dimidie
672 4597 765 4665 vinee
783 4597 1002 4684 suprascripte
1018 4595 1157 4682 proprijs
1174 4613 1257 4660 sum·
