3146 5192
944 316 1010 380 300

895 403 1055 414 ι-ι--ι-ι-ι

514 1277 632 1342 Ledo
657 1277 816 1364 lurotpotl
830 1299 853 1340 o
961 1278 1016 1340 'rto
1056 1297 1098 1340 arr
1123 1275 1312 1360 mapsrdm'ta'.
1329 1272 1424 1339 1298.

1556 333 1561 386 l

1558 391 1561 568 1

1552 609 1561 642 *r

1555 645 1561 664 r

292 741 298 750 ,
1559 673 1561 766 l

1369 865 1379 947 r

261 1017 265 1032 ι
956 969 1012 1038 ⁰²·
1094 857 1551 1140 mad-,bl

397 1167 475 1233 rrr.
492 1169 602 1234 unos
616 1170 726 1254 resep
748 969 1134 1416 Tmfflw
1157 1121 1288 1256 eropus
1304 1167 1447 1250 nomos,
1458 1167 1512 1230 rr.

513 1471 662 1540 Andmas
674 1470 736 1538 Dei
753 1469 867 1554 graeia
875 1470 1056 1556 Hungarie,
1067 1467 1250 1560 Dalmaeie,
1263 1467 1409 1551 Oroatis,
1419 1467 1517 1554 Rana,

400 1577 528 1663 Seruis,
543 1577 692 1662 (lallioie,
706 1575 910 1664 Lodome'rie,
936 1573 1093 1643 llumauie
1121 1574 1340 1659 Bulgarisque
1364 1573 1433 1639 Rex
1464 1593 1518 1642 on·

407 1683 502 1754 nibus
518 1681 637 1752 emisti
654 1682 803 1751 fidelibus
822 1689 888 1750 tam
904 1681 1112 1770 presentibus
1139 1703 1237 1766 qnam
1263 1679 1380 1748 futuris
1400 1700 1518 1766 presens

392 1793 566 1878 seriptum
580 1791 776 1878 inspecturis
791 1787 934 1856 salutem
946 1789 980 1856 iu
989 1787 1131 1857 Domino
1141 1787 1381 1873 sempiternam
1392 1783 1518 1856 Proinde

405 1898 448 1966 ad
473 1898 694 1966 uniuersorum
720 1895 875 1964 uotioiam
907 1896 1021 1974 barum
1036 1895 1121 1964 serie
1152 1895 1302 1964 uolumus
1333 1893 1515 1980 peruenire:

391 2005 568 2087 1qu0oJau
583 2004 668 2073 tilius
683 2005 821 2092 Tywau,
833 2011 866 2072 et
880 2003 1012 2072 Blasius
1021 2003 1106 2072 filius
1122 1999 1288 2070 Theodori
1297 1999 1341 2068 de
1357 1999 1471 2088 Lypto,
1480 1999 1515 2068 ad

403 2119 546 2180 nostram
560 2111 776 2198 personaliter
792 2109 988 2180 aeoedeutes
1005 2111 1220 2196 presenciam,
1237 2107 1450 2176 exbibuerunt
1471 2128 1517 2175 uo·

403 2221 455 2288 bis
486 2219 649 2305 quoddam
688 2219 899 2306 priuilegium
931 2217 1053 2286 domiui
1088 2215 1236 2285 Ladizlai
1265 2215 1403 2284 illustris
1431 2214 1517 2298 Regio

404 2325 572 2410 Hungarie
587 2325 698 2394 fratris
714 2327 816 2392 nostri
840 2324 996 2412 patruelis
1028 2324 1194 2392 karissimi
1212 2321 1318 2391 felieis
1333 2320 1516 2390 reeordaeio

388 2431 454 2500 =nis
470 2451 566 2520 super
581 2431 761 2500 eollaeione
774 2431 943 2500 euiusdam
955 2431 1116 2520 partioule
1127 2437 1211 2497 terre
1220 2427 1375 2498 bledakes
1385 2425 1515 2513 potbolm

402 2539 437 2608 iu
453 2540 559 2626 Lypto
575 2537 745 2606 existentis
760 2539 961 2624 eouseetum3
978 2543 1127 2624 petentes
1147 2556 1221 2604 oum
1245 2535 1416 2622 iustaneia,
1431 2542 1464 2601 ut
1476 2535 1514 2619 ip

403 2667 475 2716 sum
490 2647 698 2734 priuilegium
714 2653 821 2716 ratum
836 2647 969 2733 babere,
985 2653 1018 2714 et
1034 2653 1146 2714 nostro
1174 2643 1386 2730 dignaremur
1399 2640 1513 2730 prinile

404 2756 460 2841 gio
476 2755 677 2824 oonirmare.
695 2755 796 2824 (luins
810 2763 906 2824 tenor
924 2753 1003 2820 talis
1020 2762 1090 2823 est:

507 2860 684 2932 Ladiulaus
699 2862 739 2932 D.
756 2883 805 2948 gr.
836 2863 944 2946 Hung.
961 2861 1023 2930 stb.
1043 2863 1114 2930 Rex
1145 2863 1208 2928 stb.
1236 2857 1445 2947 (kbvetlseuil
1468 2853 1514 2923 lv.

400 2969 518 3035 Ldszlb
533 2967 713 3055 kirdlyuals
726 2967 864 3038 1273-ὶί
874 2967 1144 3056 adomauylevele
1153 2967 1236 3034 mint
1251 2960 1513 3052 gyojtemenyunt

404 3075 462 3141 IX.
479 3075 596 3162 vagyis
612 3094 634 3142 s
649 3075 802 3144 mmouik
818 3075 941 3161 folyam
956 3074 1011 3140 IV.
1028 3073 1202 3142 kbtetebeu
1217 3076 1271 3142 29.
1286 3073 1324 3159 1.)

508 3182 577 3250 Nos
593 3183 706 3266 itaqua
731 3182 825 3250 iustis
841 3190 873 3249 et
888 3181 1043 3267 legitimis
1068 3181 1285 3268 peticionibus
1308 3181 1446 3267 ipsorum
1461 3179 1515 3246 Jau

401 3295 434 3356 et
450 3288 552 3373 Blasij
570 3289 796 3360 fauorabiliter
812 3290 973 3374 inelimati,
1006 3291 1112 3376 ipsum
1128 3289 1337 3376 priuilegium
1354 3294 1418 3358 neu
1431 3289 1515 3356 abra·
1560 3373 1561 3378 ἵ

399 3415 481 3479 sum,
496 3414 562 3462 uon
573 3395 800 3480 eauoellatnm,
812 3416 871 3464 neo
886 3395 921 3464 iu
930 3395 1046 3481 aliqua
1055 3395 1106 3464 sui
1121 3403 1216 3482 parte
1231 3395 1397 3482 uieiatum,
1414 3391 1453 3460 de
1464 3411 1512 3457 uer
1559 3387 1561 3468 l

404 3501 446 3568 bo
461 3499 505 3567 ad
514 3507 648 3568 uerbum
659 3502 865 3587 presentibus
875 3503 1043 3591 insertum,
1054 3503 1095 3570 da
1113 3492 1315 3588 benignitate
1332 3503 1514 3586 Regiaatto·
1559 3517 1561 3580 j

403 3607 500 3672 ritate
510 3604 593 3694 (lgy)
603 3607 809 3692 presencium
821 3607 971 3676 duximus
986 3605 1513 3693 confirmandnmattenoentosqne
1559 3683 1561 3696 ,

404 3719 436 3778 et
451 3712 695 3782 eousiderautes
719 3715 915 3800 obsequiosa
940 3715 1057 3782 merita
1088 3715 1264 3784 eorundem
1282 3716 1348 3782 Jau
1366 3723 1397 3780 et
1412 3709 1512 3795 Blasij,
1559 3709 1561 3756 l

402 3838 466 3903 que
481 3819 574 3886 nobis
590 3819 624 3886 iu
642 3821 780 3888 diuersis
795 3822 901 3906 Regni
910 3823 1017 3890 nostri
1035 3821 1302 3907 expeditionibus
1319 3820 1455 3887 fideliter
1469 3839 1513 3886 ex·

399 3925 511 3994 bibere
528 3926 731 4016 studuerunt,
762 3930 795 3994 iu
821 3927 939 4011 quibus
965 3948 1072 3996 eoram
1097 3928 1198 3996 oeulis
1217 3935 1327 3996 nostre
1341 3925 1510 3994 Maiestatis
1560 3937 1561 4022 J

398 4031 621 4121 multiplieiter
636 4041 668 4100 et
682 4033 898 4102 laudabiliter
915 4042 1103 4102 meruerunt
1119 4033 1335 4120 eomplaeere,
1352 4039 1386 4100 et
1400 4032 1512 4117 speeie·
1559 4025 1561 4030 ’

397 4140 471 4208 liter
487 4141 572 4208 idem
588 4140 730 4227 Blasius,
744 4149 821 4210 tune
847 4163 918 4210 eum
935 4143 1128 4226 Magistrum
1153 4141 1354 4208 Demetrium
1371 4137 1511 4233 Comitem
1559 4131 1561 4146 '

397 4247 650 4335 Posouiensem,
676 4247 717 4316 de
732 4249 845 4316 Zolum
862 4257 894 4316 et
911 4250 953 4316 de
968 4250 1068 4318 Saros
1101 4247 1252 4316 dileetum
1278 4253 1312 4315 et
1326 4245 1451 4315 fidelem
1466 4263 1511 4310 uo·
1560 4327 1561 4334 ἵ

396 4361 498 4422 strum
514 4353 548 4420 iu
565 4353 743 4421 subsidium
775 4354 898 4423 domini
929 4355 1057 4423 Alberti
1073 4355 1176 4422 Dueis
1191 4353 1324 4420 Austrie
1355 4350 1508 4421 karimimi

384 4461 517 4529 soceris
534 4464 635 4529 nostri
646 4514 656 4548 ,
689 4481 801 4530 uersus
818 4467 928 4550 partes
952 4462 1035 4532 lieni
1067 4461 1284 4547 misissemus,
1316 4461 1423 4546 ipsum
1438 4461 1511 4528 iuro
1538 4445 1561 4506 ’ἶ

383 4569 537 4651 oquendo,
552 4570 634 4636 inibi
650 4569 744 4636 uobis
759 4570 904 4636 notorios
923 4567 1100 4640 diuoseitur
1127 4567 1317 4654 inpendisse
1332 4565 1507 4650 famulatos,
1559 4555 1561 4572 ²
