3124 5194
797 325 955 427 Α

311 506 350 586 ot
360 524 423 588 dno
441 525 492 588 sni
508 521 566 605 tilij
583 521 735 587 tierricus
750 527 782 584 et
797 520 899 605 stika,
911 521 1017 605 et-lilij
1037 521 1148 586 fratris
1164 523 1216 586 sui
1232 520 1390 584 ltatheus
1417 523 1452 581 st

310 629 459 707 lwanka,
476 637 508 694 et
524 628 580 712 filij
597 627 720 712 Milton,
738 625 838 712 Bode,
855 635 888 692 et
902 627 1053 694 Vrhanus
1068 626 1156 692 tilius
1182 626 1281 709 Bode,
1315 624 1385 690 Jan
1416 628 1448 688 et
1552 652 1553 681 l

308 735 367 818 tlij
385 735 519 820 Vrbani,
531 735 724 820 Stephanus,
741 741 772 799 et
798 733 954 800 Nicotaus
970 734 1056 800 filins
1072 733 1201 818 Tyhan,
1228 739 1260 798 et
1278 732 1386 817 ndns,
1416 737 1447 798 et
1553 810 1554 821 J

310 840 494 925 Radizlaus,
512 844 643 908 oraculo
660 843 735 907 uiue
759 841 849 906 noeis
875 859 984 908 eoram
1010 840 1105 906 nobis
1131 842 1323 924 retulerunt,
1356 836 1448 923 quod
1552 840 1557 899 ὲ

309 949 509 1033 empoionem
524 947 745 1033 supradiotam
761 947 916 1013 beniuole
932 947 1180 1030 concessissent,
1205 953 1238 1014 et
1264 947 1446 1013 Nicolaum
1557 1002 1559 1041 J

309 1057 485 1140 Stoyunum
502 1057 535 1120 in
551 1056 691 1120 vicinum
708 1054 865 1137 eligerent
891 1061 923 1119 et
943 1055 1094 1138 amioum,
1116 1053 1254 1122 eandem
1272 1053 1448 1120 heredita-

264 1211 268 1218 ,
311 1167 375 1228 tom
391 1162 507 1228 sibiae
524 1161 591 1228 suis
608 1159 784 1226 heredibus
801 1161 1022 1245 heredumque
1038 1182 1170 1228 suornm
1195 1161 1446 1228 suecessoribus
1559 1185 1560 1189 ¹

309 1275 464 1354 perpetue
478 1265 719 1352 possidendam.
736 1265 817 1332 Item
828 1266 943 1334 Comes
955 1268 1121 1354 Nyoolous
1137 1269 1302 1355 Stoyauus
1320 1270 1446 1353 petiuit

307 1374 434 1440 litteras
450 1375 599 1457 Magistri
615 1375 684 1438 Ahe
702 1393 801 1458 snper
817 1373 955 1441 eandem
972 1375 1185 1440 hereditatem
1207 1376 1312 1441 editas
1328 1382 1444 1442 etero-

308 1487 403 1562 gatas
419 1501 440 1547 a
456 1479 580 1547 Gemite
596 1478 760 1564 Stephano
777 1481 951 1562 antedicto,
968 1489 1001 1546 et
1017 1481 1102 1548 idem
1120 1481 1305 1564 Stephanus
1321 1483 1357 1548 in
1386 1501 1447 1546 no·

308 1595 376 1652 stra
392 1587 562 1670 presencia
578 1587 750 1668 fatebatur,
766 1586 895 1653 easdem
922 1589 1049 1654 litteras
1074 1608 1111 1654 se
1140 1593 1260 1653 temero
1286 1607 1345 1673 per
1372 1591 1444 1656 uio

307 1694 446 1760 lenoiam
462 1695 652 1778 perdidisse.
668 1692 706 1758 In
722 1693 815 1760 ouius
831 1713 889 1780 rey
906 1696 1126 1762 testimonium
1142 1692 1325 1784 {presentes
1351 1697 1446 1763 litte-

308 1807 394 1866 teras
424 1800 525 1866 nostri
550 1799 650 1883 sigilli
681 1799 861 1866 munimine
889 1801 1042 1868 duximus
1067 1803 1280 1868 roborandas
1312 1803 1438 1870 Datum

306 1927 392 1971 anno
407 1907 538 1972 Domini
554 1904 674 1971 M⁰OC⁰
690 1909 903 1988 nonagesimo
923 1917 1049 1992 quarto.

306 2101 788 2168 (Aszopsriltptalannak1315·ki
810 2100 966 2162 dtirstribol,
989 2105 1093 2168 melyet
1117 2105 1230 2172 „Comes
1250 2107 1381 2158 Nicolaus
1402 2107 1436 2156 uls

305 2190 422 2256 Stoyan“
440 2189 508 2252 heirt,
521 2209 533 2242 s
546 2191 847 2256 melyotugyauaunak
869 2191 995 2244 ktrtsdre
1006 2193 1107 2245 llohert
1130 2189 1341 2264 Klrolerirtly
1364 2195 1437 2244 1324
1561 2185 1562 2263 J

305 2280 425 2330 seeundo
438 2279 569 2331 kalendas
583 2278 727 2342 Februarii
741 2277 923 2346 privilsgitlis
947 2281 1067 2333 alakhan
1090 2281 1277 2349 megsrdsitstt
1288 2305 1295 2346 ς
1307 2299 1324 2332 a
1336 2284 1433 2353 'gbudsi
1561 2278 1562 2349 l

676 2368 728 2419 luir.
742 2369 864 2420 humi
878 2367 1066 2435 terentium.)

822 3229 900 3296 no.

300 3427 332 3493 Α
348 3426 559 3514 oupyodrudi
573 3427 731 3511 kdptoloo
745 3429 851 3511 dtirp‘a
875 3425 937 3490 IV.
962 3425 1080 3492 Ltszto'
1104 3425 1285 3510 kirolynak
1303 3426 1415 3491 Bertou

300 3533 474 3611 mooun,
494 3531 631 3619 Thelepd
646 3535 677 3598 ds
695 3532 827 3597 Zoholos
843 3531 1066 3616 helpstyolroek
1080 3532 1223 3598 dirtokdt
1238 3538 1427 3617 msperdrttli

301 3640 475 3723 oltmduyo't
490 3635 630 3703 Ghunad
644 3639 877 3724 mmrustytsti
897 3637 1013 3704 Taruda
1035 3651 1132 3705 comes
1150 3638 1422 3704 szdmdru.129l.

407 3829 591 3918 Capitulum
608 3831 752 3899 Eoolesie
779 3831 999 3898 Waradiensis
1027 3831 1186 3915 omnihus,
1214 3832 1332 3914 quihus
1355 3852 1427 3919 pre·

299 3945 409 4007 seutm
424 3939 601 4024 patuerint,
617 3938 756 4006 salutem
767 3937 801 4003 in
818 3938 955 4004 Domino
972 3938 1213 4022 sempiternom.
1229 3936 1282 4002 Ad
1298 3937 1425 4005 vniuer·

297 4067 404 4114 sorum
422 4042 575 4114 notieiam
591 4045 705 4110 harum
721 4043 805 4112 serie
821 4046 972 4112 volumus
989 4045 1172 4130 peruenire,
1200 4043 1287 4128 quod
1313 4045 1428 4110 Comes

297 4152 440 4222 Thomas
456 4153 543 4220 filius
559 4149 729 4234 Paograoij
748 4149 788 4215 de
802 4170 923 4234 genere
939 4149 1076 4216 Chanad
1091 4149 1133 4216 ad
1149 4155 1293 4217 nostram
1319 4169 1426 4234 perso-

297 4259 416 4328 naliter
432 4259 618 4328 eooedendo
643 4257 847 4342 presenoiam
871 4258 996 4325 litteras
1021 4257 1142 4323 domini
1168 4257 1271 4327 nostri
1296 4256 1425 4324 Andros

297 4366 435 4434 illustris
451 4367 552 4448 Regis
569 4363 733 4448 ilungarie
750 4362 904 4449 exhihuit,
929 4364 963 4430 iu
979 4363 1097 4447 quibus
1113 4361 1206 4429 nobis
1222 4361 1365 4429 dabatur
1393 4363 1424 4430 in

297 4473 472 4560 mandatis,
488 4479 522 4539 vt
538 4471 676 4539 formum
690 4469 856 4554 priuilegij
874 4469 995 4536 domini
1019 4469 1170 4535 Ladialai
1194 4469 1295 4556 Regis
1321 4489 1425 4556 super

296 4579 385 4645 tauto
402 4578 512 4645 tributi
529 4579 569 4646 de
579 4577 719 4645 Berthen
734 4581 767 4642 et
782 4577 920 4642 aliorum
930 4575 1138 4642 articulorum
1154 4575 1294 4642 oonteoti
1304 4578 1424 4643 nostris
