3132 5192
810 342 817 352 ·
869 357 1026 462 sse..

384 557 460 624 beat
476 556 675 642 attemptari,
692 555 837 642 alioquin
854 553 1050 620 contrarium
1068 551 1193 620 faciens
1209 557 1239 618 et
1268 545 1451 618 amissione
1474 553 1512 612 to

385 663 454 728 eius
471 683 569 730 rause
586 671 681 748 mote,
709 668 741 730 et
771 663 865 750 penis
896 660 1063 745 grauibus,
1092 667 1259 745 tamquam
1297 653 1514 725 ordinacionis

386 778 418 837 et
433 769 642 837 diffinicionis
658 771 790 855 Regalis
816 770 1017 853 temerarius,
1044 768 1208 836 fastuosus
1233 777 1268 834 et
1296 772 1513 851 presumptuo

387 897 442 944 sus
457 885 690 964 transgressor,
708 900 766 963 pro
791 899 921 946 suorum
948 877 1111 961 qualitate
1137 875 1323 942 facinorum
1352 873 1447 960 penis
1468 875 1514 940 de-

386 986 462 1050 beat
477 985 632 1067 legitimis
657 987 845 1070 subiaee1·e;
864 985 963 1069 ijdem
981 985 1069 1051 ciues
1100 1003 1256 1069 expressa
1286 985 1324 1048 in
1357 981 1515 1066 premissis

386 1091 611 1158 ordinamenta
627 1099 739 1159 nostra
754 1101 874 1160 temere
893 1099 1173 1178 contempnentes,
1190 1099 1223 1156 et
1247 1092 1285 1156 in
1315 1091 1515 1156 auctoritatis
1560 1074 1563 1084 ¹

385 1197 486 1281 Regio
503 1199 644 1281 pondere
669 1221 733 1266 non
750 1207 915 1284 ponentes,
932 1197 1133 1285 iobagiones,
1151 1198 1305 1283 populos,
1333 1215 1467 1263 mansos
1488 1203 1514 1262 et

387 1306 621 1373 mansionarios
637 1307 835 1374 venerabilis
861 1306 963 1392 patris
989 1305 1113 1373 domini
1136 1303 1405 1392 Arebiepiseopi,
1431 1303 1514 1388 Capi·

390 1412 515 1496 tulique
533 1415 595 1500 sui,
613 1421 645 1480 et
661 1415 804 1481 Ecclesia
821 1414 932 1480 Sancti
947 1414 1071 1480 Thema
1087 1413 1128 1480 de
1151 1411 1382 1479 Promontorio
1407 1409 1516 1494 Strigo.

385 1519 503 1603 nicusi,
519 1521 605 1586 intra
621 1521 776 1588 fossatum
793 1523 898 1589 adbuc
914 1527 947 1588 et
963 1529 1066 1608 extra,
1083 1523 1166 1588 sicut
1182 1521 1354 1605 quendam
1381 1520 1513 1584 Abraan

263 1679 268 1686 .
386 1635 544 1712 vocatum,
564 1629 713 1695 Uillicum
747 1631 825 1698 uille
851 1627 992 1714 Capituli
1019 1629 1254 1714 strigoniensis
1281 1629 1329 1695 de
1357 1627 1512 1709 Kezteleb,

386 1732 633 1801 incarcerantes
649 1743 679 1800 et
696 1735 836 1821 captiuis
852 1735 990 1804 uinculis
1005 1739 1240 1823 mancipantes,
1256 1756 1377 1804 coram
1394 1734 1512 1800 bomine

385 1847 495 1907 nostro
511 1840 658 1910 lobanne
676 1843 776 1910 fratre
792 1845 891 1930 Butya
907 1845 950 1910 ad
965 1845 1111 1930 speciale
1152 1844 1348 1911 mandatnm
1376 1850 1509 1908 nostrum

386 1946 425 2012 de
441 1947 507 2015 suis
523 1949 650 2016 demum
667 1951 856 2018 relaxauere
872 1951 1012 2019 vinculis
1028 1957 1060 2018 et
1076 1971 1217 2036 carcere,
1245 1973 1312 2035 quo
1343 1949 1508 2036 tenebant,

385 2061 504 2120 etcum
522 2057 582 2122 sub
598 2058 744 2126 districto
761 2059 808 2126 eis
823 2059 1089 2146 imposuissemus
1106 2061 1272 2148 mandato,
1300 2067 1339 2125 vt
1365 2059 1507 2126 collectas

386 2181 406 2226 a
422 2164 549 2248 populis
565 2165 761 2232 venerabilts
777 2167 889 2252 patris,
907 2166 1115 2252 (lapituliquc
1131 2167 1183 2234 sui
1199 2173 1232 2232 et
1242 2167 1398 2233 Ecclesie
1407 2163 1506 2232 Sancti

385 2269 508 2336 Tbonre
525 2271 684 2338 uiolenter
699 2278 857 2360 receptas,
873 2281 905 2339 et
922 2275 1068 2340 effractis
1084 2281 1181 2358 capta
1205 2273 1332 2340 foribus
1359 2270 1505 2338 dictorum

382 2375 576 2460 populorum
592 2380 729 2463 pignora
744 2380 912 2446 restituere
929 2379 1082 2447 deberent
1098 2381 1302 2464 integraliter
1329 2379 1422 2445 etad
1449 2377 1502 2459 ple·

385 2503 473 2566 num,
485 2485 548 2568 ipsi
560 2483 655 2552 Ciues
672 2493 839 2572 assumpto
855 2487 1042 2553 rebellionis
1059 2488 1185 2574 spiritu,
1202 2509 1266 2555 non
1283 2489 1392 2555 solum
1403 2486 1503 2551 collec-

386 2596 438 2656 tas
456 2601 639 2678 perceptas,
656 2601 687 2659 et
712 2599 808 2678 capta
834 2615 892 2680 per
917 2594 1106 2662 iniuriosam
1125 2595 1318 2662 uiolenciam
1345 2593 1501 2660 restituere

385 2697 609 2766 detractarunt
635 2701 790 2786 pignora;
817 2703 878 2768 aed
910 2709 1012 2768 eclam
1043 2703 1147 2787 ipsum
1180 2703 1450 2786 Strigoniensem,
1476 2703 1501 2764 et

385 2803 496 2870 Sancti
513 2807 636 2874 'Phome
651 2809 852 2894 Prepesitum
870 2815 901 2876 et
921 2809 1105 2895 Capitulum
1142 2831 1163 2876 a
1187 2810 1255 2876 suis
1282 2809 1415 2895 populis
1438 2825 1499 2872 eon·

387 2916 512 2977 suetam
529 2914 660 2998 exigere
677 2917 847 2982 collectam
864 2936 963 2982 manu
980 2923 1117 3002 armata,
1139 2916 1249 2982 uerbis
1266 2911 1500 2984 contumeliosis

386 3025 418 3083 et
449 3018 688 3109 ignominiosis,
715 3027 835 3108 nostro,
860 3022 1011 3090 Albensis
1028 3031 1060 3090 et
1089 3023 1252 3091 Budensis
1288 3022 1498 3108 (lapitnlornn

384 3126 566 3194 bominibus
583 3131 798 3213 presentibus,
814 3149 878 3196 non
895 3138 971 3197 suut
996 3131 1090 3197 ueriti
1116 3132 1302 3214 probibere,
1331 3133 1496 3220 procurato·

385 3253 436 3300 res
452 3233 609 3302 dictorum
628 3236 852 3323 Capitulorum
869 3238 911 3304 ad
937 3237 1111 3305 dicandam
1137 3249 1169 3307 et
1194 3241 1390 3324 exigendam
1416 3234 1496 3320 de'pu·

384 3346 470 3408 tatus
487 3343 665 3428 collectam,
684 3343 907 3410 Fulkmarium
925 3345 1149 3432 presbiterum,
1175 3355 1207 3412 et
1233 3347 1422 3431 Magistrum
1445 3341 1495 3406 An-

384 3448 507 3537 dream,
525 3453 705 3520 Canonioos
723 3453 1117 3539 EcclesieStrigoniensis,
1134 3455 1355 3538 opprobriosis
1366 3451 1494 3520 allicien-

384 3561 432 3621 tes
448 3561 616 3645 couuicija,
632 3566 664 3626 et
679 3560 826 3626 orrendis
843 3561 1151 3628 comminueionibus
1168 3561 1381 3647 deterrentes,
1401 3567 1431 3625 et
1451 3577 1492 3643 pe-

385 3667 472 3732 nitus
487 3669 700 3754 repellentem
719 3671 882 3754 quandam
900 3672 1002 3738 eciam
1019 3672 1186 3739 mulierem
1204 3692 1334 3739 uxorem
1352 3663 1493 3756 Stephani

385 3771 426 3836 de
441 3771 583 3858 Peygen,¹
601 3776 783 3860 iobagiouis
809 3778 954 3846 eiusdem
981 3777 1120 3864 Capituli
1145 3781 1490 3864 Strigoniensis,t1ttttn

384 3877 483 3961 ijdcm
499 3880 605 3946 ludex
623 3888 654 3946 ct
670 3883 767 3950 Ciues
792 3891 906 3952 contra
922 3884 1083 3951 iusticiam
1110 3887 1328 3973 captiuorum,
1354 3886 1395 3950 ad
1418 3899 1489 3946 mau-

384 3986 495 4052 datum
505 3985 676 4054 karissime
686 3989 798 4055 matris
824 3999 931 4056 nostre
958 3989 1157 4068 remiserunt,
1181 3999 1276 4076 prout
1300 4011 1361 4076 per
1384 3991 1490 4058 litteras

383 4092 526 4160 eiusdem
551 4093 718 4178 genitricis
734 4104 842 4163 nostre
858 4097 1047 4182 collegimus
1064 4098 1241 4165 euidenter.
1261 4098 1343 4167 Item
1369 4094 1486 4182 quodam

383 4199 436 4266 die
451 4199 513 4266 lori
529 4200 564 4266 iu
579 4201 692 4268 eodem
707 4201 778 4269 loro
794 4204 955 4286 quendam
971 4205 1177 4289 iobagiouem
1194 4205 1339 4272 ciusdem
1366 4195 1487 4287 Capituli

380 4306 510 4374 nomine
525 4309 655 4375 Petrum
672 4311 864 4396 carnificem,
882 4311 937 4397 qui
955 4313 1052 4379 babet
1068 4311 1198 4378 domum
1215 4321 1308 4380 extra
1335 4313 1481 4388 fossatum,

381 4421 517 4499 uterque
533 4416 682 4501 Matbyas
698 4421 730 4482 et
747 4416 941 4503 Lwdwykus
952 4419 1131 4505 macellarij
1151 4418 1391 4502 Strigonienses
1417 4411 1480 4500 pub·

378 4521 441 4588 lice
457 4523 675 4607 uerberarunt,
692 4531 724 4591 et
739 4525 783 4592 ad
799 4525 999 4611 Stephanum
1016 4524 1170 4592 Uillicum
1180 4516 1477 4610 Strigoniensenad·

383 4627 545 4700 duxerunt
559 4629 769 4714 captiuatum.
796 4632 946 4704 Ceterum
970 4635 1004 4704 iu
1026 4631 1080 4702 die
1112 4635 1327 4706 Pentecosten
1353 4627 1485 4724 quendam
