3132 5192
334 1140 508 1212 Atmoczi
524 1146 716 1212 lonoeotoek
731 1145 1008 1231 bizooyoo'pleoele,
1032 1145 1116 1230 hopy
1142 1143 1257 1206 Ldozld
1284 1134 1481 1203 Ldezldnolt

384 1251 438 1334 fla
460 1251 601 1318 Turdczi
616 1253 755 1319 birlokcit
770 1253 882 1318 Jakao
897 1253 1032 1318 Lotibor
1041 1251 1161 1336 fidnak
1176 1248 1295 1314 aladen.
1316 1244 1421 1312 1291.

375 1437 378 1452 ¹
438 1462 506 1528 Nos
521 1463 652 1533 Iunnlra
668 1465 879 1532 miseracione
894 1465 1016 1531 Dinino
1030 1462 1216 1549 Prepositus
1235 1466 1267 1528 et
1280 1458 1475 1524 Conuentns

336 1567 479 1635 Eoolesie
494 1569 595 1638 Beate
611 1573 754 1657 Virginis
770 1573 813 1638 de
828 1573 933 1638 Turoh
958 1567 1393 1638 memorieoommendnntes
1411 1561 1473 1642 sig·

337 1675 505 1742 nilioamns
522 1676 682 1745 vniuersis
700 1679 817 1760 quibus
842 1677 972 1764 expedit
996 1697 1055 1762 per
1081 1683 1271 1762 presentes:
1298 1669 1390 1755 qnod
1417 1669 1474 1732 La-

334 1781 460 1848 dizlens
476 1801 550 1850 enm
565 1784 632 1850 filio
649 1806 709 1851 suo
724 1785 881 1852 Ladizleo
898 1785 941 1852 ed
957 1791 1100 1851 nostram
1116 1781 1310 1850 aecedentes
1339 1795 1471 1864 presen-

336 1889 421 1954 einm
438 1889 680 1975 confessisunt,
697 1892 862 1973 quandem
886 1891 1080 1976 particulam
1105 1898 1191 1958 terre
1207 1888 1250 1954 de
1267 1893 1363 1951 terra
1388 1883 1474 1967 ipso·

333 2015 406 2060 rum
425 1994 624 2062 hereditoria
640 1997 673 2062 in
698 1997 807 2062 'lorch
831 1997 994 2082 existenti,
1021 1995 1210 2063 uendidisse
1238 2011 1362 2058 nonem
1390 2007 1469 2052 mor·

324 2099 371 2166 eis
401 2109 434 2167 et
449 2123 512 2168 vno
527 2103 652 2169 fertone
666 2103 787 2170 Jooobo
797 2104 863 2171 lilio
879 2103 1034 2190 Lntybor‚
1052 2110 1084 2170 et
1094 2099 1267 2168 heredibus
1285 2097 1360 2164 suis
1389 2096 1475 2161 here·

331 2205 479 2292 dumque
511 2229 642 2276 suornm
674 2213 915 2276 suecessoribus
941 2212 1011 2276 inre
1037 2215 1194 2294 perpetuo
1218 2201 1470 2292 possidendam.

343 2311 442 2378 Ouios
459 2313 589 2396 quidem
605 2320 690 2382 terre
706 2315 811 2400 prima
837 2323 924 2382 meta
949 2315 1063 2402 inoipit
1088 2315 1123 2380 in
1148 2313 1248 2380 fluuio
1274 2306 1415 2377 Turnoh
1446 2308 1476 2371 in

338 2437 403 2483 vno
420 2417 578 2501 profundo
594 2444 694 2486 eorem
712 2419 783 2517 (lgy
800 2421 948 2506 „verem“
967 2419 1104 2506 helyett)
1115 2445 1123 2506 ς
1135 2417 1255 2485 deinde
1272 2411 1477 2501 prooedited

204 2571 211 2584 .
338 2523 426 2588 viem
443 2543 606 2612 magnam,
623 2533 656 2592 et
672 2529 835 2594 transiens
852 2527 957 2612 ipsam
973 2528 1061 2594 uenit
1077 2527 1120 2592 ad
1132 2526 1385 2612 cloppleeboloor3
1404 2519 1476 2587 inde

343 2629 432 2693 uenit
449 2629 536 2696 infre
551 2633 637 2696 eirea
653 2641 791 2720 protum,
809 2641 841 2699 et
865 2635 954 2700 eirea
979 2633 1065 2699 idem
1092 2639 1223 2718 pratum
1249 2629 1347 2698 uadit
1376 2647 1471 2713 super

337 2734 484 2800 arborem
500 2738 699 2824 bokotyofo3
721 2747 753 2805 et
768 2739 813 2804 ihi
829 2740 914 2806 idem
930 2747 1059 2825 pratum
1072 2739 1212 2825 prosilyt
1237 2758 1339 2824 snper
1367 2739 1467 2803 fosso·

340 2846 408 2904 tum
440 2841 625 2928 molendini,
651 2851 682 2910 et
707 2843 755 2910 sio
780 2845 980 2916 terminatur.
1007 2846 1102 2911 Vnde
1120 2865 1179 2912 nos
1207 2845 1251 2912 ad
1277 2845 1475 2931 peticionem

341 2944 486 3027 persium
502 2946 625 3015 litteras
641 2957 769 3016 nostras
786 2953 1005 3018 concessimus
1031 2953 1136 3036 sigilli
1161 2954 1265 3019 nostri
1293 2947 1472 3017 munimine

341 3051 521 3118 roboratas.
538 3055 658 3121 Datum
685 3075 771 3122 enno
798 3057 928 3124 Domini
952 3059 1142 3127 millessimo
1169 3057 1234 3124 000
1259 3055 1474 3143 nonagesimo

341 3175 456 3240 prrmo.

343 3365 481 3428 (Eredetie
495 3368 670 3436 biirlrdrtytn,
684 3373 797 3438 melyrb'l
810 3392 827 3427 ι
839 3375 933 3442 poeste
946 3375 1171 3445 hdrtyozsinegen
1185 3378 1273 3446 litgg3
1290 3395 1308 3430 a
1322 3379 1409 3431 budni
1423 3378 1470 3427 kir.

732 3463 855 3514 hemeras
881 3465 1071 3534 lereltdrbsn.)

798 3755 1006 3768 —-—--———
