3146 5192
81 1159 107 1218 A
131 1155 227 1240 ppdre'
248 1155 475 1240 kdptalaanak
501 1153 777 1240 bizonpsdrflcoele,
806 1160 887 1243 bopp
912 1155 1047 1224 Sadntdt'
1070 1154 1208 1244 Karape

0 1305 22 1322 0
79 1267 107 1328 da
123 1265 263 1328 taluensi
279 1264 455 1349 Bupalo-t
477 1263 723 1328 btaolrazoket
749 1264 877 1330 stodeat
903 1263 1070 1330 Mor-lbani
1095 1261 1205 1329 Simon

454 1369 703 1452 comeafiaiaak.
731 1371 831 1437 1299.

384 1531 415 1596 A
629 1532 656 1597 B
871 1533 896 1599 O

183 1689 370 1776 Capitulum
387 1691 571 1758 lauriensis
588 1691 731 1760 Ecclesia
746 1694 899 1760 omnibus
916 1691 1037 1758 Christi
1056 1691 1206 1758 fidelibus

82 1805 246 1882 presentes
273 1801 399 1866 litterar
431 1798 625 1882 inspecturis
650 1801 786 1866 salutem
812 1803 844 1866 in
871 1802 1011 1867 Domino
1037 1797 1202 1884 sempiter

80 1925 159 1972 uam.
176 1907 230 1971 Ad
248 1907 469 1972 uniuersorum
486 1907 639 1974 noticiam
666 1909 780 1974 barum
806 1909 890 1975 serie
913 1910 1064 1975 nolumus
1089 1925 1203 1992 perue-
1318 1955 1321 1962 .

80 2012 163 2097 uire;
180 2013 270 2096 quod
284 2013 422 2099 Karapa
439 2014 506 2082 tilio
523 2015 659 2082 Comitis
677 2014 811 2082 Sebredi
830 2015 869 2082 de
885 2013 1010 2082 Zautha
1027 2005 1094 2100 pro'
1110 2032 1146 2078 ss
1174 2021 1206 2079 et
1227 2011 1230 2020 ‘

81 2120 229 2188 Sedelino
246 2141 286 2187 ao
300 2121 461 2188 Farkasio
478 2119 633 2190 fratribus
650 2125 717 2191 ruis
733 2126 776 2190 ab
794 2144 859 2190 una
875 2129 979 2210 parta,
1005 2123 1146 2209 Symone
1173 2127 1207 2186 et

0 2268 8 2295 ‚a
84 2228 238 2298 blicbaele
257 2229 434 2297 comitibus
450 2231 528 2316 filija
544 2231 681 2298 Comitis
697 2232 849 2318 Symonis
865 2233 907 2300 de
923 2233 1073 2298 Mortbun
1090 2249 1131 2296 ex
1160 2229 1205 2293 al·

81 2343 144 2402 tera
158 2357 269 2403 coram
285 2339 380 2404 nobis
396 2339 612 2423 personaliter
628 2339 808 2404 constitutis
823 2363 830 2423 ;
847 2341 933 2406 idern
948 2340 1083 2422 Karapa
1097 2355 1157 2403 suo
1173 2343 1205 2401 et

81 2443 292 2525 predictorum
309 2449 444 2512 fratrum
463 2467 592 2513 suorum
618 2445 748 2513 nomina
772 2446 937 2528 quandam
964 2441 1206 2528 possessionem

82 2569 165 2618 suam
183 2555 331 2638 Bugazlo
350 2559 496 2620 uocatam
514 2553 726 2622 incomitata
754 2553 968 2638 Supruniensi
993 2553 1198 2636 existentem,

82 2677 171 2739 qnam
187 2659 345 2728 uidelicet
360 2661 599 2745 possessiouem
617 2681 658 2728 cx
686 2661 865 2727 collacione
888 2678 948 2727 seu
974 2655 1201 2724 munificencia

83 2767 238 2846 quondam
256 2767 379 2834 domiui
395 2769 476 2835 Bele
492 2767 630 2836 illustris
648 2775 682 2833 et
706 2767 811 2835 felicis
836 2766 1075 2833 recordacionis
1100 2761 1200 2846 Regis

22 2938 24 2947 ,
81 2871 243 2957 Hungarie
258 2876 302 2940 ad
318 2875 478 2960 prefatum
496 2883 620 2960 patrem
637 2895 729 2942 suum
748 2872 910 2940 mediante
928 2871 1099 2958 priuilegio
1116 2871 1202 2938 eius-

84 2979 148 3044 dem
164 2979 289 3047 domini
305 2983 405 3064 Regis
422 2983 596 3050 deuenisse
613 2981 782 3063 referebat,
799 2987 957 3063 quantum
972 2979 1062 3062 ipsos
1078 2976 1200 3042 contin-

45 3137 49 3144 .
82 3087 133 3174 git,
148 3110 220 3155 cum
239 3090 388 3158 omnibus
407 3091 603 3158 utilitatibus
629 3097 660 3156 et
685 3089 832 3156 terminis
857 3087 891 3154 in
916 3084 1091 3173 priuilegio
1117 3083 1196 3150 dicti

83 3192 196 3261 domini
213 3197 292 3264 Bele
308 3197 444 3266 illustris
460 3205 492 3264 et
508 3199 614 3264 felicis
641 3197 882 3264 recordacionis
908 3193 1006 3278 Regis
1032 3191 1201 3274 Hungarie

85 3307 250 3391 contentis,
267 3307 438 3374 confessus
453 3312 502 3372 est
518 3305 706 3400 uendidisse
722 3325 758 3372 se
774 3313 806 3370 et
820 3304 938 3370 fratros
949 3305 1025 3368 suos
1036 3297 1200 3385 predictos

84 3408 170 3478 dictis
186 3412 322 3498 Symoni
338 3419 370 3481 et
386 3412 537 3480 Michaeli
554 3412 742 3499 Comitibus‚
759 3409 988 3478 coheredibus
1006 3425 1117 3474 corum
1140 3424 1198 3487 pro

86 3516 319 3602 quinquaginta
328 3522 599 3588 marcislatorum
609 3520 923 3604 denariorum3quas
933 3516 1065 3603 quidem
1075 3531 1204 3580 marcas

88 3628 225 3694 asseruit
240 3627 328 3694 idem
344 3629 484 3714 Karapa,
509 3649 545 3696 se
570 3636 601 3695 et
624 3628 788 3713 predictos
814 3628 931 3694 fratres
959 3643 1036 3693 suos
1061 3620 1210 3709 plenarie

89 3737 246 3821 recepisse
271 3739 313 3802 ab
339 3737 471 3804 eisdem.
496 3739 535 3803 ln
561 3738 651 3804 cuins
675 3737 723 3802 rei
747 3737 935 3804 memoriam
961 3740 994 3802 et
1019 3737 1207 3818 perpetuam

92 3839 269 3911 firmitatem
281 3852 448 3930 presentes
458 3846 675 3912 concessimus
684 3845 810 3911 litteras
828 3851 938 3910 nostro
955 3841 1066 3924 sigillo
1081 3840 1209 3904 robora·

92 3953 148 4014 tas.
168 3949 291 4018 Datum
307 3971 393 4019 anno
410 3952 540 4019 Domini
555 3951 676 4019 ΜῦΟΟθ
689 3951 901 4034 nonagesimo
919 3970 1013 4016 nono.
1040 3943 1207 4029 Magistra
1337 3942 1339 3944 ’

92 4051 279 4144 Oaracbyno
318 4061 499 4146 Proposito,
531 4059 664 4143 ldatbya
694 4060 839 4144 Leniore,
880 4055 1027 4124 Fabiano
1059 4051 1210 4133 (lentore,
1287 4069 1299 4106 ·.

89 4161 252 4249 Stephano
269 4166 410 4234 Custode
425 4168 572 4234 Ecclesia
586 4175 697 4236 nostre
713 4165 938 4234 existentibus.

90 4356 220 4422 (Ersdetie
232 4361 406 4429 bdrbdrtydm,
419 4380 437 4416 a
449 4365 668 4418 sorberelo-keu
681 4363 908 4430 solyemasindrou
921 4360 1033 4428 tuggon
1054 4353 1148 4424 pecstt
1169 4353 1206 4404 el·

315 4462 417 4507 resrett
428 4473 434 4520 ;
447 4471 465 4506 a
477 4456 559 4508 budai
573 4457 625 4506 kir.
638 4457 759 4507 kamarai
781 4451 970 4517 levdlttrban.)

131 4745 230 4788 nouus.
247 4749 329 4804 ansa.
345 4749 417 4795 urar,
435 4759 478 4772 -·
495 4750 568 4790 nuru.
587 4747 624 4791 18.
