3234 5194
371 1099 420 1166 Aa
436 1105 506 1190 egri
522 1100 1029 1192 kciptaionoukbiaonysciqleoele‚
1043 1105 1125 1190 isogy
1136 1103 1240 1188 Batyz
1260 1126 1360 1170 eomes
1377 1099 1508 1168 Geram

371 1210 673 1296 helysdgdirtolcdba
684 1212 872 1292 iktattatott,
886 1213 981 1277 sonet
994 1214 1261 1297 ltatdq'ctrdaa‘oul
1270 1215 1388 1297 egyti-tt.
1402 1210 1509 1274 1291.

479 1365 667 1456 (0)mnibus
684 1367 802 1436 Christi
827 1369 978 1436 fidelibus
994 1377 1061 1436 tem
1078 1371 1283 1456 presentibus
1299 1390 1400 1456 quam
1417 1369 1512 1435 futu-

373 1475 418 1542 ris
434 1483 618 1560 presentem
628 1476 783 1561 paginam
796 1477 991 1563 inspecturis
1000 1477 1186 1563 Capitulum
1197 1477 1344 1546 liselesie
1358 1477 1511 1561 Agrion-

371 1583 419 1650 sis
434 1583 572 1650 salutem
588 1583 622 1648 in
639 1583 780 1650 omnium
813 1585 984 1652 saluatore.
1016 1585 1122 1662 Quum
1155 1604 1195 1653 ea
1211 1605 1274 1670 que
1306 1591 1456 1670 aguntur
1472 1585 1512 1650 in

369 1697 524 1775 tempore,
539 1711 580 1756 ne
596 1691 719 1776 pariter
735 1691 907 1758 elabantur
932 1711 1003 1758 eum
1021 1698 1176 1779 tempore,
1193 1693 1372 1760 litterarum
1390 1693 1512 1761 solent
1534 1675 1541 1688 ”

371 1798 552 1882 patrocinio
569 1796 721 1881 solidari;
739 1799 879 1865 maxime
895 1819 966 1866 oum
993 1799 1026 1865 id
1052 1801 1278 1870 inconcussum
1295 1808 1511 1885 perseueret,

371 1907 459 1990 quod
475 1907 697 1974 instrumentis
713 1907 853 1992 publicis
889 1910 1072 1976 roboratum
1098 1908 1333 1977 tuit-Proinde
1363 1907 1409 1974 sd
1428 1907 1513 1972 uni-

373 2033 540 2081 uersorum
558 2013 712 2082 noticiam
730 2015 844 2081 harum
870 2017 954 2082 serie
971 2019 1118 2083 uolumus
1136 2018 1315 2101 peruenire,
1332 2015 1418 2099 quod
1439 2013 1509 2080 Go-

372 2141 440 2188 mes
455 2121 558 2207 Betyz
574 2122 722 2208 ldugnus,
739 2123 825 2190 filius
843 2123 987 2208 Merkus,
1005 2125 1219 2208 personaliter
1236 2125 1269 2191 in
1285 2123 1387 2190 nostri
1403 2142 1512 2190 acoe-

376 2229 456 2296 dene
471 2227 684 2314 presenciam,
696 2229 843 2297 exhibuit
859 2230 951 2296 nobis
967 2231 1093 2296 litteras
1110 2231 1231 2296 domiui
1249 2229 1350 2296 nostri
1364 2227 1511 2296 Andree

371 2333 584 2403 Illustrissimi
596 2336 694 2419 Regis
704 2337 889 2420 Hungerie;
908 2358 1043 2421 quarum
1061 2336 1190 2421 quidem
1207 2339 1385 2404 litterarum
1403 2344 1511 2402 tenor

369 2442 445 2510 talis
461 2462 520 2509 es:

478 2548 627 2616 Andreas
645 2551 684 2615 D.
701 2571 746 2634 gr.
764 2553 834 2618 Rex
851 2551 958 2637 Hung.
980 2555 1040 2619 stb.
1067 2551 1278 2634 (reverterit
1303 2551 1357 2617 111.
1385 2549 1512 2618 saure

371 2657 551 2741 kirtlynak
567 2656 702 2724 iktattasi
730 2678 904 2747 paramese,
921 2660 1003 2725 mint
1018 2659 1147 2727 seutebb
1173 2663 1226 2726 13.
1243 2677 1287 2725 su.
1302 2656 1348 2744 a.)

479 2765 544 2830 Nos
562 2763 676 2845 itaque
687 2764 851 2850 preceptis
876 2765 976 2848 Regis
992 2765 1196 2833 E'neelleneie
1216 2763 1348 2834 obedire
1363 2762 1511 2848 cupien-

368 2878 428 2957 tes,
447 2879 481 2936 vt
497 2875 654 2954 tenemur,
671 2870 859 2954 Magistrum
877 2871 1036 2938 Brieeium
1053 2873 1174 2939 sooium
1191 2879 1224 2938 et
1239 2869 1511 2939 ooneanonieuun

368 2985 512 3046 nostrum
530 2997 568 3042 se
585 2975 869 3059 Arehydiaoonum
901 2979 941 3044 de
967 2979 1169 3064 Zabowehy‚
1187 2997 1252 3045 vna
1275 2999 1347 3046 eum
1361 2977 1513 3046 homine

368 3085 471 3170 Regio
488 3082 642 3152 videlieet
659 3084 748 3150 Beke
764 3085 829 3150 filio
846 3084 977 3151 Pazuan
997 3086 1038 3152 de
1054 3087 1115 3152 Val
1132 3084 1173 3151 ed
1189 3087 1404 3153 statutionern
1419 3106 1513 3169 pre·

369 3189 453 3259 diste
468 3190 687 3277 possessionis
703 3191 845 3275 Gumur,
862 3197 894 3259 et
911 3193 1020 3261 omnia
1035 3193 1196 3279 premissa
1212 3191 1403 3276 exequenda
1419 3191 1512 3281 (de-

367 3296 575 3383 stinauimns)
589 3324 596 3381 3
612 3297 667 3380 qui
686 3297 814 3363 demum
831 3297 874 3363 ad
901 3319 960 3367 nos
976 3301 1096 3368 reuersi
1118 3300 1211 3366 uobis
1229 3297 1432 3366 oonoorditer
1452 3321 1513 3368 re-

365 3407 517 3489 tulerunt,
535 3405 621 3487 quod
639 3405 701 3489 ipsi
732 3405 815 3471 feria
847 3405 990 3472 seeunda
1022 3408 1172 3492 proxima
1204 3414 1281 3472 ante
1299 3406 1417 3474 festum
1437 3410 1513 3476 As·

367 3512 562 3598 sumptionis
585 3513 686 3578 Beato
718 3512 860 3597 Virginis
879 3513 1027 3581 Gloriose
1058 3515 1274 3581 secessissent
1304 3513 1346 3579 ad
1370 3511 1511 3583 faeiem

367 3625 535 3706 prenotate
552 3620 767 3702 possessionis
785 3622 918 3704 Gumur,
930 3630 962 3690 et
973 3623 1099 3690 vicinos
1112 3631 1145 3688 et
1162 3629 1398 3690 eommetaneos
1413 3641 1510 3692 suos

365 3726 533 3794 uniuersos
549 3726 629 3792 inibi
648 3727 790 3812 legitime
807 3731 1039 3816 eonuooando,
1060 3729 1197 3796 eundem
1214 3729 1370 3797 Comitem
1387 3727 1511 3816 Batyu

365 3833 407 3900 ad
420 3831 599 3920 predictam
616 3835 853 3919 possessiouem
871 3837 995 3904 (inmun
1027 3838 1237 3924 statuissent,
1262 3859 1320 3923 per
1336 3837 1448 3920 ipsum
1470 3846 1510 3906 et

365 3937 501 4010 heredes
517 3962 614 4024 snos,
644 3941 861 4026 heredumque
879 3965 1009 4012 suorum
1027 3965 1231 4013 successores
1242 3947 1317 4030 jure
1334 3953 1509 4029 perpetuo

363 4051 499 4138 puoifiee
516 4058 548 4118 et
563 4050 823 4117 irreuoeabiliter
843 4052 1093 4137 possidendam,
1126 4053 1299 4120 tenendam
1318 4053 1449 4139 pariter
1469 4069 1508 4121 et

364 4159 565 4242 habendam
584 4159 767 4225 statueione
783 4165 892 4224 antem
923 4159 1010 4225 seete
1026 4181 1082 4244 per
1109 4159 1277 4227 continuos
1294 4160 1363 4226 dies
1378 4157 1505 4242 legiti-

363 4286 433 4334 mos
449 4267 483 4330 iu
500 4263 614 4332 eadem
626 4265 833 4350 possessione
844 4274 1082 4353 exspectantes,
1094 4268 1120 4334 si
1139 4288 1198 4353 per
1212 4271 1397 4352 quempiam
1416 4287 1505 4337 eon-

363 4375 536 4441 trudiotum
555 4375 737 4458 extitisset3
755 4374 991 4442 eorrtredietore
1021 4396 1096 4442 uero
1128 4376 1220 4442 nullo
1237 4374 1408 4462 existente,
1424 4397 1505 4446 vna

363 4504 434 4549 eum
453 4482 575 4550 eisdem
592 4482 710 4550 vicinis
726 4490 758 4548 et
775 4485 1005 4550 commetaneis
1031 4483 1174 4550 eiusdem
1192 4484 1410 4567 possessionis
1428 4483 1504 4552 Gu-

361 4611 441 4678 mur,
459 4609 498 4658 se
516 4591 592 4674 elijs
611 4590 775 4658 nobilibus
792 4611 887 4675 quam
905 4591 1063 4678 plurimis,
1072 4611 1129 4676 per
1142 4595 1269 4660 ueteres
1286 4598 1318 4658 et
1335 4589 1506 4677 antiquas
