3132 5192
102 1128 129 1194 A
141 1133 312 1215 poaaonyi
328 1130 554 1216 lodptalarmalt
570 1133 845 1223 biaoaysclpleoale,
863 1135 947 1218 bopy
962 1134 1083 1199 Bauioi
1099 1135 1161 1198 Pet
1186 1157 1233 1199 eo-

99 1260 162 1304 mer
178 1238 341 1304 humator
355 1247 436 1302 neoti
454 1239 566 1323 futter
582 1243 708 1326 Lunata,
740 1243 850 1308 Istvda
863 1242 980 1325 fierualt
990 1241 1248 1337 odonronpozea„

623 1350 718 1413 1292,

210 1538 373 1607 Omnibus
391 1538 510 1608 Christi
525 1539 675 1610 fidelibus
692 1550 862 1630 presentes
889 1542 1014 1608 litteras
1040 1541 1233 1626 inspueturis

101 1647 291 1732 Capitulum
307 1648 454 1716 Coelesie
470 1651 675 1720 Posoniensis
692 1653 832 1719 salutem
858 1651 893 1716 iu
917 1649 1063 1716 Domino.
1087 1647 1139 1713 Ad
1164 1648 1231 1713 uni-

100 1774 271 1822 uersorum
312 1755 463 1824 notioiam
496 1764 606 1824 tenore
640 1759 843 1844 presencium
874 1757 1023 1824 uolumus
1054 1753 1234 1838 peruenire,

101 1863 187 1944 quod
199 1861 329 1928 Comite
343 1863 448 1930 Paulo
465 1863 532 1930 lilio
545 1864 680 1933 Comitis
691 1865 807 1934 Cosme
824 1865 864 1931 de
875 1863 975 1932 Bonin
993 1865 1034 1928 ab
1052 1883 1117 1928 una
1128 1868 1230 1946 parte,

100 1969 265 2036 Ladizlao
282 1969 348 2036 lilio
364 1971 520 2055 Stephani
536 1975 631 2056 parui
650 1972 690 2040 de
715 1971 893 2040 Chollokuz
910 1973 953 2038 ab
978 1970 1082 2036 altera
1108 1967 1228 2036 eonsti-

102 2077 178 2144 tutis
191 2078 415 2163 personaliter
430 2097 537 2146 eoram
553 2081 665 2165 nobis;
682 2080 768 2147 idem
793 2079 909 2146 Comes
935 2079 1056 2144 Paulus
1081 2083 1132 2143 est
1158 2095 1231 2141 oon*

71 2211 75 2217 ·
100 2183 219 2266 lessus,
237 2185 326 2268 quod
342 2185 419 2266 qnia
433 2185 578 2268 prelatus
595 2187 770 2254 Ladiztaus
786 2185 933 2254 seruiens
950 2185 1085 2251 Comitis
1112 2181 1227 2250 Cosme

99 2292 211 2358 fratris
229 2291 281 2357 sni
296 2293 403 2360 eidem
419 2293 533 2360 Cosme
549 2315 569 2358 a
586 2294 696 2362 multis
712 2295 912 2381 temporibus
928 2294 1095 2359 retroactis
1119 2289 1230 2358 fidelia

104 2407 136 2467 et
151 2399 322 2466 meritoria
348 2400 486 2468 seruicia
505 2401 646 2470 diuersis
672 2403 801 2470 casibus
827 2403 955 2470 fortune
979 2420 1015 2467 se
1041 2399 1231 2486 exponendo

1 2605 2 2611 ἵ
102 2508 303 2594 temporibus
319 2514 351 2575 et
366 2509 447 2575 loeis
465 2511 632 2594 oportunis
648 2509 810 2578 indefesse
827 2510 975 2576 exhibuit
992 2517 1023 2575 et
1049 2507 1209 2592 impendit
1223 2530 1230 2589 ;
1331 2577 1338 2592 κ

1 2640 2 2702 j
103 2627 134 2681 et
150 2617 296 2683 maxime
313 2617 390 2701 qula
406 2619 512 2702 ipsum
529 2619 685 2686 Comitem
711 2619 862 2687 Cosmum
888 2621 930 2686 ab
956 2616 1093 2686 articulo
1120 2615 1231 2681 mortis
1345 2678 1347 2684 ,

1 2818 2 2824 ¹
104 2730 255 2808 prompto
271 2729 303 2790 et
319 2723 468 2790 ordinato
485 2745 543 2810 per
557 2725 782 2791 Eberhardum
799 2733 874 2791 tune
891 2725 1047 2791 Comitem
1059 2722 1230 2789 Posonien-
1353 2751 1357 2758 ·

103 2849 180 2917 sem,
195 2831 324 2898 auxilio
341 2839 372 2898 et
387 2831 804 2920 lidehseruieioliberauit5
834 2855 890 2918 pro
915 2836 1006 2901 euius
1031 2833 1230 2900 liberaeione

1 2957 2 3011 ;
103 2938 186 3006 idem
203 2938 382 3006 Ladizlaus
398 2939 685 3008 ablatieomnibns
702 2942 796 3008 bonis
814 2943 884 3008 suis
901 2941 1043 3026 proprijs
1070 2947 1102 3005 et
1127 2959 1225 3024 popu-

1 3120 2 3124 *
105 3045 208 3112 lorum
235 3068 366 3113 suorum
399 3049 431 3113 in
448 3048 531 3115 villu
547 3069 607 3115 sua
632 3049 724 3114 iuxta
749 3050 891 3115 Humoro
917 3048 1100 3133 existente,
1127 3045 1228 3112 maxi·

1 3238 2 3248 ξ
104 3173 188 3220 mum
205 3156 396 3242 dampnum,
409 3163 442 3222 et
459 3158 741 3244 proseripeionem,
756 3177 795 3225 ao
810 3177 929 3241 graues
946 3157 1082 3222 iniurias
1093 3155 1226 3240 subpor—

107 3263 197 3329 tauit.
218 3263 349 3330 Volens·
364 3264 448 3330 idem
465 3265 580 3335 Comes
596 3267 717 3334 Paulus
727 3287 787 3353 pro
803 3265 867 3349 hijs
884 3265 1034 3331 omnihus
1051 3269 1097 3330 tot
1114 3268 1145 3328 et
1161 3269 1228 3327 tan·

105 3367 146 3434 tis
161 3370 312 3455 seruioijs
327 3369 480 3440 fidelibus
497 3379 527 3439 et
545 3374 720 3440 admodum
737 3373 914 3460 oportunis,
941 3371 1060 3458 partim
1085 3391 1144 3456 pro
1169 3389 1231 3436 sua

105 3477 238 3563 propria
254 3477 402 3563 peounia,
430 3481 548 3564 partim
566 3501 642 3548 uero
659 3501 717 3565 pro
743 3480 910 3564 obsequijs
936 3477 1082 3564 prediolo
1111 3473 1227 3542 Comiti

106 3583 222 3651 Cosme
239 3585 333 3651 lratri
347 3605 406 3653 suo
423 3589 604 3673 peripsum
628 3586 820 3655 Ladinlaum
836 3587 991 3654 exhibitis
1007 3593 1039 3652 et
1064 3582 1229 3670 impensis,

1 3707 2 3712 ’
106 3694 443 3780 reeompensaeionem
459 3695 568 3764 faeere
584 3696 780 3764 meritoriam
798 3703 830 3764 et
846 3697 1050 3778 eondignam,
1066 3687 1239 3776 quandam

106 3801 344 3882 possessionem
362 3823 451 3869 suam
469 3795 699 3872 hereditariam
716 3805 824 3889 ipsum
841 3803 1017 3871 inmediate
1044 3799 1229 3882 oontingen·

1 3961 2 3972 ,
107 3911 179 3992 mm,
196 3907 350 3978 videlieet
365 3909 601 3978 dimidietatem
626 3911 844 3996 possessionis
870 3911 1039 3978 Pharistar
1069 3913 1180 3975 sonate
1195 3905 1228 3971 iu

108 4013 285 4083 chottohnz
301 4018 470 4086 existentis
479 4069 489 4104 ,
508 4039 579 4086 oum
599 4019 747 4087 omnibus
764 4017 957 4105 utilitatibus
988 4018 1074 4099 suis,
1106 4011 1230 4080 soilioet

109 4124 196 4189 terris
213 4125 392 4192 arabilibus
428 4132 460 4190 et
475 4147 538 4194 non
554 4127 740 4213 arabilibus,
754 4125 869 4211 pratis,
886 4122 1012 4209 tenetis,
1030 4121 1159 4207 paseuis
1174 4137 1227 4203 pe·

1 4289 2 4324 r
109 4247 226 4318 eornm,
242 4231 354 4316 siluis,
372 4234 466 4316 aquis
483 4239 515 4298 et
539 4233 674 4319 pisoinis
691 4253 730 4300 ao
745 4235 813 4300 suis
829 4230 1040 4318 pertinenoijs
1056 4225 1233 4308 uniuersis,

108 4341 265 4427 resipiens
287 4341 390 4407 eoiam
399 4343 442 4408 ab
458 4341 570 4408 eodem
581 4361 690 4409 eoram
700 4341 792 4409 nobis
802 4361 900 4408 unum
911 4342 1027 4406 bouum
1038 4357 1155 4423 equum
1169 4353 1227 4422 pro

1 4483 2 4495 κ
107 4450 219 4533 uiginti
235 4449 353 4518 mareis
371 4451 554 4517 estimatum
589 4457 619 4518 et
635 4450 767 4536 insuper
778 4451 920 4536 quinque
937 4465 1064 4515 mareas
1074 4445 1108 4511 in
1127 4444 1226 4510 dana·

1 4599 2 4666 j
111 4555 168 4641 ril's
182 4555 226 4624 ad
242 4576 375 4626 manum
385 4558 578 4646 persolutus,
594 4557 780 4646 sepedictus
790 4558 912 4628 Paulus
922 4555 1013 4625 dedit
1022 4605 1032 4641 ,
1050 4551 1186 4671 donauit
1196 4556 1230 4618 et
