3146 5192
590 331 746 432 „Q

86 525 267 612 iudieare3
283 527 341 594 sed
358 523 521 610 stelionis
538 527 683 608 aliquam
694 524 861 594 senionem
879 507 979 593 babet
993 533 1109 594 eontra
1125 528 1232 616 ipsum

100 640 131 702 et
144 653 228 702 suos
238 635 379 720 populos
396 651 454 702 seu
467 633 680 720 yobsgioues,
706 621 914 718 experiantur
929 632 964 702 in
981 636 1085 702 nostri
1100 653 1232 721 presen-

98 744 149 810 ois
172 742 258 811 iuris
273 742 389 812 ordine
403 761 477 809 enm
494 741 629 826 eisdem,
646 747 680 807 et
695 761 753 828 per
769 759 829 810 nos
845 742 1008 840 iustioiam
1025 745 1232 828 poteritoon·

27 906 30 912 r
96 849 189 933 sequi
203 851 400 937 pleniorem.
418 851 457 918 In
473 851 566 921 ouius
600 851 647 918 rei
662 851 852 922 memoriam
869 856 1128 937 perpetuamque
1142 851 1228 922 firmi

97 965 196 1026 tutem
223 965 398 1046 presentes
423 959 642 1028 eonoessimus
673 958 801 1026 litteras
833 957 976 1046 dupliois
1006 958 1112 1044 sigilli
1127 959 1231 1028 nostri

97 1064 279 1133 munimine
295 1065 474 1134 meones.
490 1067 611 1134 Dotem
621 1055 680 1152 per
689 1084 805 1134 manns
815 1065 1013 1134 venerabilis
1029 1066 1089 1134 viri
1108 1063 1231 1133 domini

97 1171 256 1259 Anthonij
274 1172 427 1258 Episoopi
445 1171 683 1242 chanadiensis
709 1174 786 1242 aule
803 1181 914 1241 nostre
938 1171 1229 1258 Viae-Oenealiarij

65 1311 68 1317 ·
96 1279 208 1348 dileeti
226 1288 261 1347 et
276 1279 384 1347 fidelis
398 1281 502 1350 nostri
526 1301 613 1349 anno
633 1280 764 1348 Domini
780 1281 900 1349 Mrem
924 1281 1146 1366 octuagesimo
1163 1278 1230 1368 (be

91 1386 278 1473 lyosebben
295 1385 524 1474 nonogesimo)
543 1388 633 1456 VIII
643 1387 747 1474 Regni
758 1373 864 1458 sutem
876 1386 978 1456 nostri
1000 1407 1087 1456 enno
1102 1395 1227 1457 oetam.

0 1542 1 1545 Ἰ
95 1586 126 1650 (I.
140 1581 245 1651 moly
257 1581 410 1650 kirtlynsk
424 1586 503 1638 1819.
517 1585 594 1638 xm.
608 1584 740 1639 kalendas
758 1585 829 1652 Juiij
847 1585 994 1652 „Magister
1013 1585 1133 1637 Miebaei
1157 1585 1230 1638 tilius

87 1667 224 1741 sapiens
250 1675 286 1727 de
310 1675 437 1727 Morouth
461 1675 627 1728 selenostre
644 1677 772 1742 junonis·
792 1674 913 1727 keresere
926 1675 1034 1728 kiadott
1059 1675 1223 1743 megerbritb

275 1784 283 1790 ·
313 1759 514 1829 eiminyibbi;
526 1765 637 1817 shadai
650 1766 702 1816 kir.
716 1767 842 1816 ksmsrai
860 1761 1051 1830 lertittrbsn.)

622 2491 699 2559 leo.

95 2686 1227 2776 IIIEadrekirdiympertsttiason1293·kieapedelp6t,melys6ljep-

0 2834 2 2843 ι
96 2795 239 2883 υαΜομο
264 2795 437 2862 mesteraek
452 2799 581 2882 ‹iansppe
591 2797 739 2884 bizonyos
754 2795 1024 2882 Bikdsmepperes
1040 2802 1071 2863 ds
1087 2821 1109 2862 a
1124 2799 1230 2864 deaei

0 2930 2 2933 ·
21 2894 26 2902 ¹
98 2905 228 2988 xsrrrs'gptea
245 2906 315 2970 uve
330 2903 471 2971 historus
487 2925 508 2966 a
518 2903 854 2990 bedaifereuesreudi
868 2903 1157 2989 apdoaezcirddsuek
1172 2904 1227 2970 be·

21 3030 26 3039 ·
488 3017 726 3097 pyorrsdayoztu.
743 3009 840 3074 1298.

201 3205 355 3272 Andreae
371 3205 434 3273 Dei
450 3203 930 3292 grseisHungarieDaimaeie,
949 3201 1095 3290 Oroaoie,
1112 3203 1227 3291 Rama,
1352 3287 1356 3292 .

94 3310 217 3394 Seruio,
233 3309 384 3398 Gellieie,
401 3311 595 3380 Lodomerie
604 3360 614 3396 ,
633 3311 793 3405 Cumanie
808 3311 1027 3397 Belgarieque
1041 3312 1112 3378 Rex
1127 3309 1227 3376 omni·

0 3458 3 3481 ι
101 3417 155 3486 bus
170 3415 292 3487 (ibristi
317 3419 471 3486 fidelibus
502 3425 569 3486 tam
601 3419 804 3505 presentibus
835 3439 934 3503 quam
959 3418 1077 3486 futuris
1092 3415 1226 3503 presens
1342 3461 1345 3466 -

16 3570 17 3573 κ
102 3525 250 3610 seriptum
264 3526 459 3613 inspeeturis
478 3527 618 3594 sunum
634 3529 670 3594 in
687 3547 746 3611 eo,
778 3526 830 3594 eui
845 3525 986 3594 flectitur
1008 3545 1104 3593 omne
1129 3545 1225 3610 genu.

0 3672 2 3693 r
99 3628 243 3700 Altitudo
259 3633 375 3700 Diuini
393 3633 533 3721 eonsilii,
554 3633 668 3717 quein
687 3654 748 3700 sua
766 3634 988 3720 disposieione
1003 3653 1069 3701 non
1087 3633 1224 3714 fallitur,

104 3737 142 3803 ari
156 3737 216 3806 boe
229 3739 323 3808 Deus
340 3761 401 3811 nos
416 3744 667 3827 gubernatorem
692 3761 790 3828 super
806 3747 920 3825 gentes
937 3748 969 3808 et
984 3743 1100 3828 Regna
1115 3739 1223 3825 dispo·

102 3845 171 3933 suit,
187 3867 227 3912 so
245 3865 319 3916 esse
334 3847 441 3916 uoluit
455 3850 635 3936 prinoipem
652 3851 885 3936 plurimorum,
904 3857 939 3915 ut
956 3849 1226 3934 oppressionibus

104 3953 347 4023 remediaremur
363 3955 563 4039 singulorum
584 3963 616 4022 et
635 3995 679 4005 -
690 3994 734 4005 -
745 3993 789 4006 -
813 3958 903 4024 oeuio
914 3957 1047 4042 pietatis
1064 3957 1226 4040 respicere

105 4061 250 4130 debemus
260 4081 418 4147 personas
429 4063 549 4130 Diuino
560 4062 660 4131 oultui
677 4064 875 4149 insistentes,
887 4063 1002 4131 aeiliis
1019 4064 1053 4128 in
1064 4068 1226 4146 tempora·

104 4166 257 4238 iibustam
266 4169 322 4255 pie
330 4169 773 4255 prouidere---n0bis
785 4177 818 4237 et
826 4169 932 4256 Regni
942 4168 1100 4236 tutamine
1110 4188 1223 4256 preoes

24 4271 26 4278 ’
105 4276 231 4346 releant
244 4275 382 4344 fundere
398 4277 575 4364 salemoni,
593 4297 664 4346 eum
681 4299 747 4346 non
772 4277 878 4346 solum
895 4297 990 4344 arms
1000 4327 1009 4362 ‚
1027 4276 1086 4346 sed
1103 4286 1136 4346 et
1152 4299 1224 4365 pre·

106 4401 153 4450 ees
168 4384 248 4454 inste
264 4385 453 4454 uiuenoinm
469 4392 622 4454 tueantur
641 4389 788 4473 Regnum
814 4394 846 4454 et
870 4387 996 4470 Regum
1015 4383 1224 4473 dyademate.

108 4487 238 4560 Proinde
262 4492 306 4562 sd
322 4494 564 4565 uniuersorum
596 4501 663 4562 tem
679 4495 887 4582 presencium
919 4512 1017 4577 quam
1044 4495 1224 4563 futurorum

108 4596 252 4668 notioiam
267 4599 384 4668 barum
399 4603 485 4672 serie
502 4601 652 4674 nolumus
667 4601 859 4690 peruenire,
891 4600 977 4686 quod
999 4601 1153 4685 religiose
1168 4598 1224 4702 do·
