3124 5194
4 482 12 595 p
68 515 215 580 magnam
233 493 360 583 vellem,
375 496 409 561 ln
424 495 518 563 euius
532 497 641 581 eapite
657 504 707 564 est
720 499 816 567 arbor
830 499 892 584 hyle
917 517 1012 565 ernee
1036 498 1187 585 signator

5 598 16 700 l
74 603 547 690 lnqnaparnnmproeedendo
564 604 691 672 exiled
716 614 838 674 terram
863 607 1031 694 arabilem,
1056 608 1099 678 de
1124 603 1190 692 ona

4 703 9 792 l
73 713 110 783 ad
123 718 262 779 montem
279 713 368 778 iuxta
383 713 523 796 vineam,
542 725 573 778 et
589 713 759 780 deseendit
784 733 899 782 uersos
923 713 1188 810 septemtrionem

4 827 10 906 l
72 821 228 888 invallem
246 821 290 886 ad
306 839 458 904 magnam
476 819 582 904 riam3
599 819 718 888 abhine
734 819 878 890 declinat
903 841 1018 889 uersus
1043 819 1190 889 oeoiden·

72 936 126 994 tem
141 926 183 994 ad
200 927 348 993 arborem
379 928 458 1012 piri;
483 925 600 994 deinde
615 928 658 993 ad
674 928 780 1014 viam,
807 949 871 1011 qua
895 929 961 996 ilnr
984 945 1098 994 nereus
1122 945 1191 1012 pre

4 1055 10 1132 ᾗ
73 1034 182 1101 dimum
199 1033 333 1102 fluuium
357 1033 501 1120 Zegune,
519 1043 551 1101 et
576 1036 669 1101 iuxta
683 1036 790 1120 ipsum
806 1035 939 1102 flnnlum
955 1039 1073 1102 transit
1089 1053 1190 1118 quan·

4 1156 16 1218 3:
72 1139 138 1206 darn
154 1150 277 1210 terram
293 1140 484 1227 phymatam
502 1163 559 1209 seu
576 1142 778 1220 sessionem,
805 1149 836 1210 et
853 1143 942 1210 eadit
958 1143 993 1208 in
1009 1143 1115 1230 ipsum
1132 1139 1190 1210 llu-

4 1232 12 1328 ζ
71 1245 160 1332 nium,
176 1255 209 1314 et
225 1247 315 1316 venit
331 1249 374 1314 ad
390 1250 537 1338 arborem
545 1253 629 1340 sym
646 1249 763 1317 etexit
782 1269 896 1316 uersus
913 1251 1188 1334 septemtrionem,

4 1354 10 1422 i
72 1353 197 1420 eteadit
212 1355 249 1419 in
265 1353 378 1422 domos
404 1354 591 1441 spinarum,
619 1357 660 1422 de
676 1356 793 1440 quibus
809 1353 853 1422 ad
869 1356 1018 1423 arborem
1033 1359 1081 1425 rol
1094 1375 1190 1426 ornoe

4 1423 11 1562 l
70 1464 238 1550 signatpm,
256 1463 374 1532 deinde
399 1467 490 1532 iuxta
517 1465 632 1531 senilia
662 1466 706 1532 ad
725 1467 874 1531 arborem
900 1468 949 1531 tnl
973 1485 1069 1532 eruce
1084 1467 1191 1550 signa·

4 1567 9 1666 l
72 1577 149 1656 tam3
165 1571 246 1638 inde
262 1571 307 1638 ad
323 1573 409 1638 viam
421 1625 431 1660 ,
447 1574 502 1640 ubi
521 1583 570 1640 est
585 1573 682 1641 lalus
700 1573 803 1661 (lgy),
830 1581 862 1639 et
876 1592 934 1658 per
949 1569 1086 1640 eandem
1104 1572 1191 1640 viem

4 1667 9 1718 ἵ
72 1678 271 1763 procedendo
286 1679 431 1746 deelinat
446 1701 504 1766 per
532 1681 665 1749 arbores
681 1701 774 1748 eruce
792 1681 940 1764 signatas
957 1680 990 1746 in
1006 1697 1131 1762 nemus,
1149 1679 1190 1744 de

71 1785 177 1870 qnibns
194 1785 240 1852 ad
258 1787 404 1852 arborem
429 1789 550 1876 bplror3
576 1789 651 1854 inde
666 1809 724 1874 per
740 1789 903 1871 quendam
918 1787 1060 1853 rinulum
1078 1783 1190 1872 tendit,

70 1903 97 1960 et
111 1894 197 1960 eadit
211 1893 249 1960 ln
261 1894 440 1979 predictum
456 1895 588 1962 flnuinm
606 1897 764 1982 Obernek‚
782 1898 837 1963 vbi
862 1897 1023 1964 vicinatur
1049 1901 1082 1959 et
1106 1912 1190 1960 eom·

71 2009 204 2069 metatur
218 2003 314 2069 terris
330 2001 468 2070 liliorum
486 2002 621 2070 Comitis
638 2005 805 2088 Gregorij5
835 2001 912 2069 inde
936 2001 969 2067 in
996 2001 1112 2068 eodem
1136 2001 1191 2067 fln-

68 2112 115 2176 rlo
130 2111 300 2179 Oberneob
317 2111 484 2178 deseendit
499 2110 544 2179 ad
558 2113 695 2196 priorem
707 2119 836 2197 metam,
856 2112 966 2195 ibique
989 2111 1197 2178 terminetur

72 2219 103 2287 ln
117 2217 208 2285 euius
225 2219 275 2284 rei
292 2217 480 2284 memoriam
507 2228 540 2287 et
557 2219 654 2286 robur
669 2226 859 2304 perpetuum
885 2225 1051 2303 presentes
1076 2217 1119 2284 ad
1143 2217 1189 2282 in·

4 2347 7 2444 p
69 2327 219 2393 staneiam
255 2333 287 2394 et
303 2325 497 2411 peticionem
515 2327 683 2393 memorati
700 2326 833 2392 Comitis
851 2324 1001 2410 Gregorij
1028 2325 1190 2392 eoneessi·

4 2447 9 2546 p
69 2453 132 2502 mus
147 2435 252 2518 sigilli
278 2435 382 2502 nostri
414 2435 592 2500 munimine
617 2436 796 2502 roboratas.
824 2435 945 2500 Delum
971 2441 1002 2500 et
1024 2436 1132 2499 aetum
1157 2430 1191 2498 in

4 2549 6 2634 ξ
70 2538 143 2611 leste
160 2539 259 2610 Beati
276 2539 425 2628 Gregorij
444 2543 545 2628 Pape,
562 2561 648 2608 anno
665 2541 796 2608 Domini
828 2540 1010 2626 myllesimo
1042 2540 1190 2607 ducente·

4 2663 7 2752 ξ
70 2654 146 2722 simo
160 2655 377 2741 nonagesimo
393 2659 494 2718 sexto.

4 2821 6 2918 l
71 2851 248 2917 (neaeman
262 2847 453 2918 snper-nass
466 2852 536 2902 rese
551 2852 597 2914 „ru
610 2849 681 2901 resto
695 2848 774 2899 nese
795 2843 868 2897 earn
881 2845 1057 2898 contessoris·
1085 2843 1193 2907 ,erenr-

4 2941 6 2996 ἶ
70 2941 121 2993 rias
133 2939 213 2993 filins
227 2938 370 3008 Gregorij⁴¹
395 2936 520 2994 bertsere
532 2939 590 2991 kelt
612 2933 779 3000 ltirattbolr
801 2948 819 2986 a
839 2935 921 2988 budai
945 2934 998 2990 kir.
1019 2935 1144 2988 kamarai
1156 2933 1194 2984 le·

4 3035 6 3044 ’
551 3023 712 3090 veltlrban.)

603 3752 678 3822 150.

72 3959 120 4020 Aa
135 3959 208 4042 epe-i
224 3951 447 4040 kdptolaonok
462 3951 735 4036 bizonyedpleoele‚
750 3951 834 4033 kopp
852 3945 980 4014 sennar
1005 3944 1199 4027 bdoaalrfiat'

70 4085 111 4131 es.
127 4059 237 4129 Jakat
255 4061 407 4148 belpeopet
422 4057 625 4142 nbvmbnel,
641 4057 733 4154 Pe'ter
747 4064 856 4121 mester
870 4053 1029 4141 Kompold
1044 4053 1200 4136 comeefio

398 4167 573 4233 hitvesenele
589 4163 781 4248 dtenpedtele.
800 4163 896 4227 1296.

181 4358 342 4430 Omnibus
359 4359 479 4428 Christi
495 4358 645 4426 fidelibus
668 4362 735 4422 tam
751 4354 955 4442 presentibus
970 4372 1067 4436 qnam
1083 4351 1200 4420 tuturis

72 4487 205 4560 presens
222 4469 379 4556 seriptum
395 4466 588 4552 inspectoris
607 4461 798 4554 capitulum·
808 4461 953 4529 Eeolesie
967 4459 1137 4542 Agriensis
1152 4478 1201 4528 sa·

72 4577 176 4646 lntem
191 4573 225 4643 in
241 4574 387 4643 omnium
403 4573 578 4643 saluatore.
603 4573 657 4640 Ad
679 4572 904 4640 vnlnersorum
919 4568 1075 4638 noticiam
1090 4571 1201 4633 tenore
