3124 5194
877 328 1039 450 —ur-

391 530 459 626 tbo,
476 538 600 608 'l'bome
617 537 780 632 cthuneb
797 547 831 609 et
844 561 981 608 uxorum
1001 539 1190 626 eorundem,
1206 535 1336 606 cuomo
1356 540 1389 602 et
1402 527 1512 601 'lhomt

392 648 434 717 de
449 651 546 716 Noua
559 651 648 720 Villa
663 651 705 718 de
729 649 878 718 districtu
903 650 1049 716 Ecclesie
1064 647 1176 716 Sancti
1201 645 1370 714 Dominici
1393 641 1432 707 de
1447 639 1513 708 Stri-

391 758 502 845 gouio‚
517 777 645 826 necnon
659 779 758 844 super
772 759 901 843 iniurijs
917 757 1123 844 nerbalibus,
1138 775 1197 841 per
1212 755 1391 822 Nicolaum
1406 745 1513 813 aurila·

392 866 484 932 brnm
511 865 617 933 ciuem
642 865 898 950 strigoniensem
928 864 1122 948 quibusdam
1148 883 1190 930 cx
1214 861 1333 930 eodem
1360 853 1513 943 Capitnlo,

391 979 425 1038 et
440 973 666 1057 iobsgionibus
679 993 791 1040 eorum
806 973 920 1058 illatis,
935 973 1044 1057 ipsum
1063 971 1235 1038 Nicolaum
1246 969 1293 1039 ad
1318 963 1511 1056 presenciam

391 1088 536 1146 nostram
551 1079 647 1146 citari
662 1079 826 1166 fecissent,
844 1085 876 1145 et
890 1077 1071 1145 noluissent
1091 1099 1166 1147 eum
1190 1077 1395 1145 iudicialiter
1418 1086 1511 1158 agero

390 1208 499 1254 eoram
515 1187 627 1270 nobis;
650 1186 737 1252 idem
761 1185 917 1254 Nicolaus
931 1206 990 1271 per
1015 1184 1146 1254 modum
1171 1185 1386 1273 excepcionis
1411 1189 1510 1250 contra

390 1293 520 1361 eosdem
535 1293 653 1360 tratres
667 1301 796 1360 nostros
812 1293 981 1378 proposuit
995 1301 1029 1359 et
1043 1293 1113 1376 egit
1129 1293 1240 1360 taliter
1256 1313 1276 1359 e
1294 1311 1462 1374 conuerso,
1485 1295 1514 1355 ut

389 1399 439 1466 illi
455 1399 603 1466 homines
618 1400 661 1466 dc
677 1401 772 1466 Nous
787 1401 875 1466 Villa
890 1408 1001 1468 esseut
1016 1400 1207 1484 iobagiones
1234 1399 1356 1486 ipsius,
1372 1405 1405 1466 et
1430 1417 1515 1482 super

388 1519 475 1574 terra
490 1507 560 1574 eius
576 1507 757 1574 residerent
771 1529 830 1594 per
845 1508 953 1593 ipsum
969 1507 1078 1590 locati,
1094 1515 1128 1574 ct
1144 1527 1243 1594 super
1258 1508 1325 1575 boc
1351 1505 1516 1591 priuilegia

389 1613 509 1682 domini
525 1615 667 1701 Philippi
684 1616 767 1682 bone
784 1617 937 1682 memorie
952 1615 1117 1699 quondam
1134 1613 1390 1701 Arcbiepiscopi
1405 1612 1515 1696 Strigo·

388 1724 523 1808 niensis,
536 1725 675 1809 proximi
692 1723 934 1808 predecessoris
950 1725 1061 1810 nostri,
1079 1731 1113 1790 et
1127 1731 1274 1790 nostrum
1292 1721 1434 1788 baberet
1446 1740 1511 1787 con·

388 1831 483 1897 lecta.
500 1832 527 1896 E
542 1831 703 1897 contrario
717 1839 825 1898 autem
842 1832 942 1915 ijdem
960 1832 1075 1898 fratros
1090 1831 1194 1898 nostri
1211 1830 1417 1914 replicantes
1432 1826 1511 1892 diue·

388 1947 473 2026 mnt,
488 1945 523 2004 ut
539 1939 598 2006 illa
613 1944 710 2026 terra,
725 1959 825 2025 super
840 1960 905 2022 qus
920 1937 1056 2025 predicti
1066 1939 1214 2006 bomiues
1223 1937 1421 2024 residerent,
1439 1943 1513 2002 esset

387 2046 447 2131 eis,
464 2055 498 2112 et
513 2047 626 2113 luisset
642 2048 674 2115 in
695 2049 886 2113 concambio
912 2055 946 2112 et
970 2051 1212 2132 permutacione
1236 2053 1326 2113 terre
1354 2064 1464 2110 eorum
1484 2043 1511 2106 in

387 2154 540 2220 suburbio
556 2153 664 2220 Cosmi
687 2155 920 2238 strigoniensis
952 2158 985 2222 in
1013 2161 1106 2240 parte
1131 2153 1311 2220 occidentis
1339 2151 1510 2228 constitute,

386 2280 485 2346 snper
500 2281 566 2342 qua
581 2263 750 2348 pronubis
766 2269 871 2328 ortum
886 2261 956 2328 fieri
971 2261 1107 2329 fecimus
1124 2269 1155 2328 et
1171 2261 1361 2347 pistrinum,
1390 2279 1448 2344 per
1462 2276 1511 2322 uos

386 2367 554 2452 assignata
570 2370 603 2434 in
620 2377 811 2455 perpetuum
827 2377 859 2435 et
874 2376 1008 2455 statuta,
1026 2369 1129 2436 nostri
1155 2368 1308 2454 pmilegij
1337 2365 1509 2434 testimonio

386 2477 536 2543 similiter
553 2475 736 2560 mediante;
754 2474 840 2560 quod
854 2495 890 2544 se
906 2476 1028 2542 babere
1044 2477 1148 2542 eciam
1164 2483 1239 2542 sunt
1255 2474 1419 2542 confessi.
1429 2471 1509 2538 Vnde

385 2583 507 2650 auditis
523 2585 669 2670 parcium
681 2584 962 2668 proposicionibus
973 2582 1156 2652 huiusmodi
1167 2583 1389 2668 decredimus,
1398 2581 1512 2659 eisdem¹

385 2690 570 2781 nolentibus
584 2699 617 2758 et
632 2691 927 2776 assumpmeutibus
942 2691 1121 2758 liberaliter
1137 2698 1168 2758 et
1184 2690 1349 2773 libenter;
1370 2689 1508 2756 utinter·

387 2801 474 2866 mino
490 2799 532 2864 ad
551 2801 613 2866 boc
629 2822 649 2866 u
665 2795 759 2866 u'obis
776 2800 964 2885 specialiter
989 2808 1023 2867 ct
1048 2800 1188 2866 libenter
1213 2800 1397 2884 assignato,
1424 2795 1506 2860 ambe

384 2916 494 2992 partes
511 2907 686 2993 priuilegia
702 2915 735 2975 et
752 2907 969 2975 iustrumenta
985 2929 1054 2986 sua,
1070 2908 1099 2974 si
1116 2907 1321 2993 coenabunt,
1340 2921 1502 2972 coramno·

385 3013 445 3098 bis,
461 3034 558 3100 super
573 3015 632 3080 boc
649 3013 798 3081 consucta
813 3017 959 3100 negocio,
988 3014 1031 3080 ud
1055 3015 1198 3081 inuicem
1223 3014 1257 3079 in
1283 3017 1393 3098 ligura
1417 3008 1505 3076 nostri

275 3139 279 3146 ·
383 3119 495 3206 iudicij
513 3120 711 3189 exhiberent.
730 3123 847 3188 Verum
864 3143 936 3188 cum
953 3144 1011 3208 per
1027 3121 1158 3189 eosdem
1183 3142 1293 3188 coram
1320 3119 1417 3189 nobis
1439 3115 1503 3182 iuis·

382 3237 454 3295 seut
470 3226 584 3296 cadem
601 3229 774 3313 privilegia
790 3236 999 3314 presentata3
1025 3249 1085 3296 nos
1110 3231 1294 3314 predictam
1322 3237 1441 3296 terram
1463 3245 1503 3290 re·

382 3335 573 3419 collegimus
589 3343 620 3401 ct
636 3335 847 3420 comperimus
864 3337 966 3402 nostri
994 3335 1160 3422 priuilegij
1188 3357 1228 3404 en
1252 3342 1367 3404 tenore
1393 3333 1502 3402 eisdem

382 3440 538 3508 fratribus
553 3445 672 3509 nostris
688 3461 759 3510 esse
775 3441 886 3508 datam
913 3451 945 3509 et
970 3445 1122 3510 collatam
1147 3443 1181 3508 in
1207 3443 1304 3511 modo
1332 3437 1501 3521 concambij

382 3553 416 3613 et
439 3549 699 3637 permutacionis,
725 3550 998 3635 quemadmodum
1024 3557 1075 3617 est
1100 3550 1306 3640 premissum,
1334 3559 1368 3618 et
1393 3572 1413 3618 a
1438 3547 1501 3613 loco

383 3651 525 3720 eiusdem
541 3655 636 3723 vinee
651 3657 962 3746 Arcbiepiscopalis,
991 3677 1089 3742 quarn
1115 3658 1200 3724 idem
1228 3659 1389 3728 Nicotaus
1414 3655 1501 3722 babet

381 3759 424 3825 ad
439 3778 573 3844 presens
589 3769 621 3829 et
636 3769 733 3846 tenet,
749 3784 807 3849 per
823 3785 974 3849 maguum
991 3765 1139 3850 spacium
1152 3773 1239 3833 terre
1255 3764 1388 3853 distare,
1406 3771 1436 3830 et
1460 3761 1499 3826 lo·

381 3887 436 3936 eus
454 3887 540 3954 aree,
555 3889 613 3936 seu
630 3871 813 3958 torcularis,
830 3873 863 3936 iu
890 3893 954 3956 quo
981 3879 1029 3938 est
1053 3871 1296 3939 reclinatorium
1323 3876 1395 3940 siue
1419 3881 1498 3952 tugu-

380 3976 473 4062 rium,
490 3978 621 4043 racione
649 3978 740 4043 euius
756 3976 925 4062 predictus
943 3987 1047 4043 terras
1073 3980 1280 4046 sessionules
1306 3981 1392 4047 idem
1416 3979 1498 4046 Nico·

379 4083 451 4148 laus
467 4081 640 4150 uendicarc
667 4083 729 4148 sibi
756 4083 981 4163 contendebat,
1007 4083 1050 4149 sit
1074 4087 1160 4151 iutra
1185 4089 1340 4155 terminos
1367 4085 1495 4154 ciusdem

377 4189 470 4254 vinee
486 4191 697 4271 constitutus3
715 4199 809 4274 prout
826 4191 928 4255 eciam
947 4191 989 4255 ad
1005 4191 1110 4276 ipsam
1128 4201 1247 4260 terram
1266 4193 1494 4280 inspiciendam

378 4293 524 4361 homines
540 4307 672 4363 nostros
688 4297 801 4363 fideles
819 4296 859 4360 de
876 4296 974 4362 domo
991 4307 1102 4364 nostra
1119 4299 1268 4367 duximus
1285 4300 1494 4380 destinandos,

377 4402 432 4486 qni
449 4406 545 4471 uobis
561 4407 735 4472 retulerunt
761 4404 990 4470 nichilominus
1017 4406 1098 4472 illud
1125 4407 1221 4478 idom.
1247 4409 1327 4478 Ideo
1354 4431 1413 4476 nos
1436 4424 1493 4494 pte

379 4507 500 4575 dictam
516 4519 632 4578 terram
649 4511 872 4596 sessionalem,
886 4517 1031 4594 pretextu
1043 4513 1133 4581 curius
1147 4515 1188 4582 lis
1200 4515 1490 4597 iueratsussoitata‚

376 4611 496 4680 eisdam
513 4616 665 4685 iratribus
682 4617 812 4703 nostris,
827 4617 996 4701 Proposito
1013 4625 1045 4684 et
1062 4619 1214 4709 Capitulc
1230 4625 1484 4719 Ecclesieposlro
