3124 5194
896 1004 971 1071 161.

373 1201 440 1270 III.
459 1207 570 1274 Badra
584 1207 755 1291 bretpnak
773 1205 936 1272 Okolr'csno
963 1207 1115 1292 bclysdpat
1138 1210 1291 1290 tdrppazo'
1316 1206 1492 1289 odonrdaya

462 1315 567 1401 Pdter,
582 1315 764 1381 Okolicanac'
779 1314 841 1378 Ράί
854 1309 1403 1380 mostobatestodreazdmdra.1297.

480 1510 628 1576 Andreas
639 1511 699 1576 Dei
711 1512 824 1594 gracia
834 1509 1014 1593 Hungarie‚
1030 1510 1211 1594 Dalmacie,
1230 1505 1373 1594 Oroacie,
1387 1509 1495 1589 Reme,

374 1621 497 1704 Seruio,
509 1617 659 1703 Gallioie,
677 1619 879 1703 Lodomerie,
898 1617 1063 1702 (inmania,
1080 1617 1302 1702 Bulgarieque
1317 1619 1384 1683 Rex
1399 1614 1496 1682 omni·

374 1729 432 1792 bus
458 1726 577 1794 Christi
608 1726 758 1794 fidelibus
784 1733 851 1793 tam
869 1727 1077 1814 presentibus
1103 1746 1201 1809 quam
1218 1725 1333 1792 suturis
1364 1743 1493 1810 presens

373 1835 530 1918 scriptum
543 1835 736 1921 inspecturis
747 1836 885 1902 salutem
895 1835 929 1899 in
940 1835 1082 1900 Domino
1092 1833 1333 1919 sempiternam.
1351 1833 1409 1900 Pro
1418 1832 1494 1898 bene

374 1941 497 2008 meritis
514 1947 546 2007 et
561 1942 629 2008 suis
647 1942 812 2026 obsequiJs
828 1940 982 2007 studiosis
1007 1941 1060 2026 pie
1086 1939 1345 2007 mansuetudinis
1372 1939 1492 2005 animos

373 2049 525 2117 conuenit
540 2049 710 2134 inclinari3
728 2057 762 2114 vt
778 2070 835 2115 suc
853 2049 1016 2114 fidelitatis
1035 2055 1066 2113 et
1091 2049 1239 2114 laborum
1266 2048 1398 2114 laudem
1420 2047 1491 2113 reci·

373 2157 465 2243 piant
482 2163 513 2222 et
529 2157 720 2224 mercedem.
736 2158 878 2225 Proinde
894 2156 935 2222 ad
953 2158 1178 2222 rniuersorum
1203 2156 1357 2222 noticiam
1383 2155 1490 2222 harum

375 2265 458 2332 serie
474 2265 620 2332 volumus
636 2265 825 2350 peruenire;
849 2263 936 2349 quod
952 2285 1012 2332 nos
1028 2263 1270 2331 considerantes
1286 2271 1319 2330 et
1335 2263 1494 2330 attenden-

374 2381 423 2441 tes
439 2373 603 2440 meritoria
619 2373 757 2441 seruicia
773 2380 804 2439 et
821 2372 1016 2456 obsequiosa
1033 2374 1148 2438 merita
1159 2372 1248 2438 Petri
1256 2373 1316 2457 tilij
1329 2371 1498 2458 Seraphim

372 2481 413 2548 de
429 2481 612 2550 Okolichna
629 2481 669 2547 de
684 2483 791 2570 Lipto,
808 2503 879 2550 cum
896 2501 1047 2568 supremo
1064 2479 1234 2548 fidelitatis
1251 2481 1369 2548 ardore
1396 2503 1417 2548 a
1442 2483 1497 2567 pri·

372 2589 474 2656 mauis
491 2589 559 2658 suis
573 2590 771 2676 temporibus
787 2591 821 2656 in
837 2587 977 2656 diuersis
994 2589 1258 2674 expedicionibus
1273 2591 1380 2676 Regni
1399 2597 1482 2658 nostr

371 2699 464 2766 nobis
481 2701 683 2766 incessanter
700 2698 845 2765 exhibita
861 2697 1026 2764 indefesse
1043 2707 1074 2764 ct
1090 2699 1246 2785 impensa,
1273 2700 1393 2783 quibua
1419 2699 1496 2764 idem

372 2827 483 2876 coram
514 2807 616 2876 oeulis
647 2814 755 2874 nostre
781 2808 963 2875 Maiestatis
986 2807 1207 2894 multipliciter
1234 2813 1267 2872 et
1292 2806 1494 2873 laudabiliter

373 2915 487 2981 meruit
503 2917 718 3003 complacere,
735 2936 794 3001 pro
810 2916 929 2999 quibus
955 2917 1043 2983 omni
1069 2915 1334 3002 remuneracione
1360 2937 1382 2982 a
1407 2913 1492 2981 nobis

373 3023 489 3109 dignus
505 3023 573 3090 fore
589 3023 714 3090 censeri
730 3023 826 3090 debet
841 3048 848 3108 ;
866 3044 929 3110 que
943 3025 1075 3108 singula
1089 3027 1221 3107 longum
1238 3032 1325 3091 esset
1352 3039 1496 3090 enarrare

371 3152 428 3198 suo
444 3130 549 3217 modo,
567 3131 754 3216 specialiter
770 3137 876 3198 tamen
902 3153 961 3217 pro
986 3141 1090 3200 morte
1106 3133 1201 3201 Pauti
1227 3133 1285 3216 tiiij
1313 3131 1417 3218 Mika,
1443 3129 1493 3213 fiiij

372 3239 484 3306 matris
501 3259 558 3306 sue
574 3239 615 3305 de
632 3241 747 3305 cadem
763 3239 958 3324 Okoliobua,
986 3242 1042 3325 qui
1068 3242 1101 3306 in
1129 3242 1379 3325 expugnacione
1406 3237 1496 3307 castri

371 3349 530 3416 Jobannis
546 3347 605 3431 filij
624 3349 755 3415 Henrioi
766 3347 848 3414 Bani
864 3349 968 3416 Kozik
980 3351 1085 3416 uocati
1095 3350 1129 3414 in
1139 3355 1249 3415 nostro
1262 3349 1404 3415 scruioio
1417 3367 1497 3414 oceu-

371 3456 451 3543 buit,
468 3455 615 3524 omnibus
631 3457 814 3524 Beronibus
832 3457 975 3524 cernenti
993 3482 1008 3520 ιι
1023 3481 1038 3525 s
1065 3455 1185 3524 nostris
1211 3461 1291 3543 tum,
1318 3477 1393 3524 oum
1419 3457 1495 3524 iden

370 3567 537 3634 Johannes
553 3573 643 3631 stans
660 3564 692 3630 in
709 3563 902 3632 infidelitate
914 3567 1019 3651 ipsum
1046 3570 1187 3632 castrum
1228 3565 1395 3632 nitebatur
1423 3563 1492 3630 deti·

371 3692 447 3740 nere
463 3681 576 3739 contra
592 3680 738 3740 nostram
754 3673 891 3759 Regiam
908 3675 1133 3758 Maiestatem
1150 3679 1217 3739 tum
1234 3673 1338 3739 eciam
1365 3694 1427 3759 pro
1452 3691 1492 3754 eo,

372 3783 450 3866 quia
466 3781 552 3847 idem
569 3782 688 3849 Paulus
706 3781 813 3848 adbuc
830 3803 865 3848 sc
883 3781 1016 3847 uiuente
1032 3779 1239 3849 medietatem
1256 3780 1402 3849 eiusdem
1430 3799 1491 3867 pos·

372 3889 527 3958 sessionis
545 3909 601 3956 suo
618 3889 658 3954 ob
676 3909 818 3956 amorem
836 3889 1048 3956 fraternitatis
1067 3889 1152 3958 dioto
1176 3889 1273 3956 Petro
1304 3889 1496 3972 dignoscitur

371 4007 526 4088 perpetuo
543 3999 729 4082 contulisse,
748 4007 842 4084 prout
859 4001 891 4064 in
909 4000 1026 4064 littoris
1051 3997 1315 4086 priuilegialibus
1340 3996 1504 4087 Prepositi-

372 4117 403 4175 ct
419 4107 603 4174 conuentus
619 4106 661 4172 de
677 4107 827 4174 Thuruoh
845 4107 972 4194 plenius
988 4107 1129 4176 vidimus
1147 4107 1312 4174 contineri.
1330 4109 1370 4174 In
1381 4127 1495 4175 recom-

372 4235 508 4304 pensam
525 4215 700 4282 eorundem
715 4215 860 4283 fidelium
878 4217 1062 4282 moritorum
1079 4215 1144 4281 iam
1162 4215 1239 4282 dicti
1263 4215 1350 4281 Petri
1376 4217 1492 4300 atiqua-

370 4329 443 4408 tem,
461 4325 536 4392 licet
552 4325 609 4392 ille
624 4344 645 4390 a
661 4324 755 4390 nobis
771 4325 869 4411 plura
885 4331 915 4389 et
931 4323 1259 4409 pocioramereretur‚
1279 4323 1420 4392 eandem
1432 4343 1493 4409 pos·

371 4433 548 4500 sessionem
580 4431 659 4499 dicti
693 4434 786 4499 Pauli
818 4431 1041 4519 supradictam
1074 4432 1258 4499 Okelichna
1287 4443 1441 4501 vocatam
1464 4433 1491 4497 in

369 4541 474 4626 Lypto
492 4541 694 4625 existentem,
712 4540 754 4606 ad
780 4547 908 4607 nostras
933 4542 1053 4626 Regias
1078 4561 1194 4608 manus
1220 4541 1422 4629 deuolutam,
1439 4540 1488 4608 sub

374 4649 518 4713 eiusdem
534 4650 679 4732 antiquis
695 4649 799 4733 metis,
817 4649 961 4716 torminis
978 4660 1009 4715 et
1036 4649 1335 4737 limitaoionibus,in
1363 4652 1476 4733 quibus
