3234 5194
886 356 1047 458 —5-4*

394 554 520 640 nyarfa
534 559 684 638 vocatas,
701 573 764 636 qne
780 559 855 619 sunt
870 553 967 635 signa
984 559 1153 640 metarum,
1171 552 1225 619 rbi
1241 573 1263 618 a
1278 557 1376 637 parte
1393 556 1524 634 septem·

398 659 533 728 trionali
550 661 701 728 cessisset
717 659 919 745 possessioni
935 659 1081 746 Panych,
1099 681 1120 726 a
1135 667 1229 746 parte
1244 656 1453 725 meridionali
1463 677 1527 742 pos·

398 767 538 834 sessioni
549 767 671 834 Gumnr
685 790 692 850 ς
705 775 737 834 et
747 765 865 834 deinde
874 765 966 832 uadit
974 766 1018 831 ad
1028 763 1108 835 duas
1119 767 1253 835 arbores
1268 766 1445 850 illataque
1459 770 1526 829 sunt

280 939 281 942 ,
401 875 498 959 signa
520 879 699 962 metarum,
717 881 750 941 et
770 872 891 940 deinde
907 873 1056 957 peruenit
1065 873 1109 940 ad
1123 871 1420 960 Nogysyzpatalra,
1439 877 1470 936 ct
1479 871 1527 936 nbi

401 983 444 1050 ad
461 981 599 1050 eandem
610 979 697 1070 (lgy)
713 981 815 1066 patalr
831 980 929 1067 cadit,
945 979 991 1046 ibi
1009 987 1058 1047 est
1068 1000 1150 1047 vnus
1164 980 1250 1067 lapis
1266 999 1325 1067 pro
1341 985 1435 1044 meta
1452 997 1524 1044 corn·

400 1091 537 1176 missus;
554 1096 586 1156 et
606 1089 641 1155 in
658 1087 771 1156 eodem
798 1089 901 1174 patalr
926 1086 1034 1154 adhuc
1056 1087 1150 1155 vadit
1175 1086 1298 1154 directe
1312 1085 1358 1152 ad
1376 1085 1525 1152 orientem

399 1196 605 1284 perlongum
622 1195 778 1280 spacium,
796 1201 828 1262 et
843 1195 992 1279 peruenit
1016 1194 1059 1260 ad
1075 1190 1241 1277 quandam
1266 1194 1380 1274 niam,
1398 1210 1461 1277 qne
1475 1191 1522 1256 uia

401 1303 493 1369 iuxta
503 1298 659 1386 quasdam
670 1301 802 1368 arbores
813 1300 876 1386 piri
893 1301 1032 1370 eandem
1048 1301 1150 1385 patak
1166 1299 1330 1367 transiens
1346 1317 1450 1384 penes
1461 1318 1527 1364 ean-

401 1407 571 1476 demuiarn
587 1411 710 1492 aparte
726 1406 861 1474 orientis
877 1413 927 1473 est
939 1426 1003 1473 vna
1017 1412 1107 1474 meta
1122 1411 1242 1491 terrea,
1259 1411 1293 1470 et
1308 1411 1438 1490 aparte
1453 1405 1526 1472 occi·

402 1512 508 1581 dentis
524 1511 669 1581 secanda
678 1564 688 1597 ,
705 1511 796 1580 cuins
822 1513 922 1579 riuuli
941 1533 962 1579 a
986 1517 1080 1600 parte
1105 1509 1364 1597 septemtrionali
1382 1511 1528 1579 cessisset

401 1617 602 1708 possessioni
612 1619 747 1706 Panyoh
764 1627 797 1686 et
812 1625 940 1705 aparte
955 1617 1162 1685 meridionali
1174 1619 1379 1704 possessioni
1391 1619 1526 1695 (iomar,

402 1736 435 1797 et
445 1729 478 1794 in
489 1728 697 1814 processione
713 1728 857 1796 eiusdem
877 1729 931 1795 nie
947 1727 1118 1795 reuertitur
1137 1728 1181 1794 ad
1196 1728 1378 1813 meridiem,
1392 1733 1431 1794 et
1447 1725 1529 1793 uadit

404 1835 446 1902 ad
456 1833 619 1919 quandam
631 1837 780 1903 arborem
797 1833 894 1918 ilicis,
912 1835 972 1901 rub
988 1854 1053 1918 qua
1067 1841 1134 1902 tres
1151 1833 1304 1919 antiquas
1319 1841 1430 1902 metas
1446 1852 1525 1919 repe·

404 1941 529 2029 riendo,
539 1942 625 2010 alias
640 1949 707 2009 tres
723 1961 826 2009 nouas
845 1948 949 2009 metas
966 1942 1153 2028 erexissent,
1163 1962 1300 2030 qnarum
1319 1963 1390 2010 vna
1406 1945 1527 2026 separat

407 2047 644 2136 possessionem
660 2046 806 2135 Panych,
823 2043 967 2114 secunda
983 2047 1221 2134 possessionem
1238 2047 1417 2138 Orohwan,
1438 2046 1527 2114 tercia

405 2153 644 2240 possessionem
655 2153 793 2239 (inmun
805 2159 838 2222 ct
846 2153 880 2219 in
891 2153 1005 2221 cadem
1016 2157 1073 2224 uia
1082 2153 1187 2222 adhue
1196 2155 1288 2222 uadit
1299 2155 1344 2222 ad
1354 2154 1524 2238 meridiem,

406 2269 438 2328 et
453 2282 474 2327 a
489 2267 580 2346 parte
595 2261 737 2328 eiusdem
753 2261 804 2328 uie
832 2259 965 2328 orientis
981 2263 1133 2330 cessisset
1149 2261 1347 2346 possessioni
1370 2261 1524 2342 Orohuan,

409 2375 442 2434 et
457 2375 586 2453 aparte
602 2367 779 2435 occidentis
794 2367 992 2454 possessioni
1009 2366 1152 2454 Gnmnr5
1177 2370 1285 2436 adhuc
1301 2371 1337 2436 in
1354 2368 1470 2438 eadem
1480 2367 1526 2432 nia
1583 2407 1584 2412 κ

406 2475 506 2552 currit
520 2474 564 2541 ad
579 2465 757 2562 meridiem,
773 2481 805 2542 et
823 2477 971 2560 peruenit
986 2475 1029 2541 ad
1044 2475 1203 2560 quasdam
1221 2477 1366 2562 arbores,
1386 2475 1443 2542 vbi
1462 2477 1527 2540 sunt
1583 2547 1584 2550 Ἴ

408 2586 475 2648 tres
491 2587 574 2649 mete
593 2587 695 2648 terrea
704 2630 715 2666 ,
731 2601 865 2664 quarum
889 2601 953 2648 vna
976 2562 1025 2650 cst
1041 2590 1129 2650 meta
1145 2582 1307 2668 Orohuan,
1324 2581 1471 2660 secanda
1484 2583 1526 2644 est

408 2695 496 2756 meta
504 2687 702 2774 possessioni
713 2689 832 2775 Lapsa,
843 2691 945 2755 tercia
955 2697 1004 2756 est
1013 2690 1213 2776 possessioni
1227 2690 1369 2774 Gnmur3
1381 2688 1487 2755 adlrnc
1500 2683 1526 2747 in
1583 2705 1584 2710 ¹

409 2793 522 2864 eadem
537 2795 592 2862 nia
602 2796 702 2862 currit
717 2795 759 2861 ad
768 2795 943 2877 meridiem,
964 2801 996 2862 et
1014 2816 1114 2882 penes
1129 2795 1291 2880 quandam
1312 2797 1462 2864 arborem
1474 2789 1525 2876 piri

408 2903 537 2970 nomine
547 2903 713 2990 kochapow
722 2904 893 2989 tcrttuelp
909 2900 998 2969 cadit
1012 2902 1055 2969 ad
1066 2902 1227 2986 quendam
1237 2903 1341 2990 patale
1351 2903 1525 2990 Sygypata·

410 3008 601 3093 innomine,
617 3016 649 3074 et
663 3008 697 3074 in
714 3005 825 3076 eodem
841 3010 949 3074 meatu
965 3008 1054 3094 fluuij
1071 3011 1252 3096 reuertitur,
1273 3017 1307 3076 et
1322 3011 1417 3076 uadit
1433 3007 1473 3074 ad
1484 3021 1525 3070 oc·

409 3117 567 3186 cidentem
585 3135 643 3201 per
656 3115 789 3200 longum
800 3116 955 3200 spacium,
972 3116 1026 3181 vbi
1044 3136 1064 3181 a
1080 3123 1174 3201 parte
1190 3116 1334 3184 eiusdem
1358 3117 1449 3200 finnij
1466 3129 1520 3178 nra·

409 3224 502 3290 ridiei
512 3224 665 3290 cessisset
675 3221 872 3308 possessioni
882 3223 1000 3307 Lapsa,
1011 3229 1042 3287 et
1058 3227 1181 3308 aparte
1197 3222 1452 3308 septemtrionali
1466 3236 1524 3305 pos·

411 3329 548 3398 sessioni
568 3329 709 3413 Gumnr5
735 3336 768 3394 et
783 3329 902 3395 deinde
917 3329 1007 3394 uenit
1031 3329 1074 3394 ad
1091 3329 1252 3414 quendam
1269 3331 1375 3398 locum
1393 3331 1448 3397 ubi
1463 3343 1526 3410 quc

412 3434 487 3502 dam
503 3435 618 3502 semita
633 3434 768 3502 eandem
786 3435 888 3520 patalr
906 3435 1078 3520 transiret,
1106 3443 1184 3521 eryt
1198 3436 1239 3501 de
1256 3437 1369 3504 eadem
1388 3433 1487 3522 patalr
1500 3435 1526 3495 et
1583 3521 1584 3526 ἵ

412 3542 505 3612 uadit
527 3545 569 3608 ad
586 3541 753 3610 meridiem
770 3543 812 3608 ad
828 3541 971 3628 lapidem
980 3545 1101 3631 jcpykc
1127 3543 1267 3630 dictum,
1293 3545 1347 3628 qui
1365 3564 1424 3630 pro
1443 3541 1524 3623 signo

412 3658 498 3719 mete
528 3648 711 3734 diuisisset,
738 3649 794 3716 obi
824 3656 955 3735 aparte
985 3649 1118 3718 orientis
1151 3650 1306 3718 cessisset
1335 3640 1523 3734 possessioni

412 3758 530 3842 Lapsa,
546 3757 578 3821 et
593 3772 615 3818 a
630 3761 722 3839 parte
738 3754 912 3822 occidentis
936 3755 1136 3841 possessioni
1154 3757 1297 3832 Gumnr3
1317 3763 1349 3822 et
1365 3752 1522 3823 abeodem

415 3863 526 3951 lapide
542 3859 636 3928 uadit
661 3860 768 3928 adhuc
792 3861 835 3928 ad
852 3861 1040 3948 meridiem,
1066 3870 1100 3930 et
1123 3862 1288 3946 quandam
1305 3862 1393 3931 niam
1410 3857 1525 3927 nomine

414 3975 571 4057 perelecta
588 3969 786 4036 transeundo
812 3969 981 4036 descendit
1012 3971 1053 4036 ad
1078 3967 1241 4052 quandam
1272 3970 1391 4036 vallem
1409 3964 1524 4052 Kyme

413 4097 508 4147 mene
523 4077 662 4160 dictam;
680 4077 734 4142 ubi
751 4075 814 4143 due
829 4077 932 4143 valles
948 4077 1135 4163 iunguntur,
1145 4077 1294 4162 peruenit
1309 4078 1353 4143 ad
1370 4071 1520 4159 quandam

414 4188 501 4255 uiam
517 4187 551 4251 in
569 4185 684 4252 eadem
702 4185 788 4251 ualle
805 4185 1006 4271 existentem,
1021 4181 1113 4250 iuxta
1128 4204 1224 4269 quam
1241 4184 1327 4250 uiam
1346 4203 1385 4251 ex
1402 4191 1525 4260 utraque

414 4302 509 4380 parte
524 4301 599 4361 sunt
613 4293 678 4360 dne
694 4301 778 4359 mete
795 4299 916 4374 terree,
947 4299 980 4360 et
993 4293 1027 4357 in
1052 4291 1167 4360 eadem
1184 4291 1238 4358 via
1252 4293 1379 4376 giratur
1400 4296 1432 4355 et
1447 4279 1525 4352 radit

414 4403 458 4470 ad
474 4400 686 4485 occidentem,
703 4407 734 4464 et
749 4419 808 4483 per
824 4397 988 4484 quoddam
1004 4400 1148 4487 spacium
1158 4398 1315 4468 currendo
1331 4394 1477 4483 peruenit
1489 4383 1525 4455 ad

415 4510 578 4595 quandam
596 4508 693 4590 uiam,
712 4525 806 4590 quarn
824 4507 904 4574 inibi
921 4507 1118 4574 transeundo
1150 4513 1225 4573 sunt
1240 4506 1303 4574 due
1320 4512 1408 4573 mete
1423 4512 1522 4578 tcrree,

416 4615 496 4685 etin
512 4613 719 4701 processione
745 4613 889 4680 eiusdem
916 4615 967 4682 uie
998 4621 1128 4700 aparte
1160 4612 1366 4682 meridionali
1391 4607 1525 4680 cessaret
