3124 5194
790 317 947 411 -104-

307 529 374 594 000
390 509 553 592 0101110100
569 505 690 571 iurabit
705 525 802 590 super
818 526 868 592 eo,
885 505 973 587 quod
989 507 1059 590 ipse
1070 529 1136 573 non
1153 507 1310 592 receperit
1321 527 1443 588 equam

307 616 473 701 Heydrich
489 616 530 681 de
546 613 697 681 Soklous.
725 614 805 678 Item
824 614 945 680 iurabit
962 614 1077 680 Comes
1103 616 1242 700 Koppan
1270 635 1368 698 snper
1396 635 1447 698 eo,

308 721 396 806 qnod
414 724 447 786 in
464 720 654 805 recepcione
670 740 777 786 rerum
794 721 881 786 Dees
907 740 1027 804 expers
1044 721 1087 786 sit
1114 731 1146 786 et
1172 721 1334 787 immunis.
1361 721 1445 786 Item

308 827 421 894 eodem
441 827 494 892 die
511 833 543 892 et
559 826 631 892 loco
648 827 762 892 Comes
779 827 895 892 Omoin
913 827 1035 893 iurabit
1052 847 1153 910 snper
1179 848 1228 911 eo,
1258 827 1343 909 quod
1371 827 1445 911 ipse

309 934 423 999 000100
440 936 579 1018 Κο0000
596 931 701 998 0000
718 935 843 1000 cubitos
868 935 1008 1000 telarum
1042 941 1074 999 et
1099 955 1198 1000 unam
1226 954 1372 1000 marcam
1399 935 1445 1000 ab

310 1039 497 1106 Andornico
531 1041 571 1104 de
604 1039 748 1106 Soklons
777 1041 935 1124 receperit
964 1041 1039 1106 sine
1078 1061 1194 1120 00000,
1238 1049 1356 1106 extunc
1387 1038 1445 1104 00-

309 1165 379 1213 mes
414 1149 550 1231 1100000
584 1145 700 1210 reddet
733 1146 855 1211 ablata.
887 1149 969 1212 Item
1002 1148 1113 1214 eodem
1146 1147 1200 1214 die
1232 1152 1265 1212 et
1295 1147 1368 1213 loco
1387 1147 1443 1212 Co-

308 1273 379 1318 mes
394 1253 535 1338 Koppan
550 1254 672 1318 iurabit
688 1271 785 1335 super
801 1272 850 1331 eo¹
881 1254 969 1336 quod
997 1255 1067 1337 ipse
1093 1276 1113 1318 a
1138 1255 1240 1319 Paulo
1265 1255 1333 1318 fitio
1361 1252 1447 1318 Gur-

309 1378 370 1440 gus
388 1359 428 1424 de
453 1359 593 1424 Soklous
611 1357 715 1426 0000
747 1361 834 1425 00100
863 1380 927 1424 000
954 1361 1122 1444 receperit.
1149 1360 1230 1426 Item
1258 1367 1328 1442 ipse
1354 1361 1444 1442 Kop-

308 1483 374 1546 000
405 1465 527 1529 iurabit
557 1483 655 1547 super
679 1486 736 1551 eo,
756 1467 842 1548 quod
866 1467 939 1549 ipse
956 1467 1119 1549 quendam
1144 1466 1351 1549 iobagionem
1372 1467 1439 1530 Ma-

308 1569 402 1652 gistri
417 1569 493 1638 Jula
510 1571 730 1652 insequentem
762 1575 815 1637 rel
846 1572 1063 1654 requirentem
1095 1581 1234 1656 quatuor
1267 1592 1345 1639 oues
1363 1593 1439 1638 suas

310 1680 495 1743 subtractas
522 1680 739 1762 captiuauerit
763 1689 928 1763 repertum
956 1687 1111 1762 tanquam
1137 1679 1241 1744 furari
1267 1679 1440 1745 uolentem.

310 1784 392 1848 Item
408 1785 519 1850 endem
547 1787 599 1851 die
625 1793 658 1850 et
683 1788 755 1852 loeo
781 1787 939 1870 Magister
965 1787 1093 1871 Kcmyu
1120 1787 1243 1851 iurabit
1268 1805 1438 1869 supereo,

310 1890 397 1971 qnod
414 1891 485 1974 ipse
503 1893 557 1956 uel
574 1891 722 1958 homines
739 1894 788 1957 001
805 1895 837 1957 10
856 1894 958 1976 equis,
974 1893 1007 1958 iu
1033 1893 1223 1978 pecudibus,
1251 1894 1285 1956 in
1313 1893 1438 1957 salibus

308 2016 330 2061 a
345 1996 501 2080 Gregorio
519 2006 551 2063 et
566 1997 741 2064 Salomone
757 1999 987 2080 iobagionibus
1007 1999 1152 2080 Magistri
1162 1999 1239 2064 Jula
1249 1997 1438 2081 recipiendo

256 2143 257 2148 κ
309 2123 362 2170 100
378 2103 553 2189 dampnum
570 2104 614 2169 ad
631 2105 774 2171 ualorem
792 2105 964 2171 duodecim
981 2125 1164 2170 marcarum
1191 2126 1255 2170 non
1284 2106 1439 2186 intulerit,

308 2211 343 2274 in
359 2210 419 2275 11οο
435 2212 507 2296 1000
526 2221 557 2276 01
584 2213 729 2278 homines
756 2213 897 2278 0010101
924 2219 1074 2296 expertes
1101 2219 1134 2277 et
1158 2212 1329 2276 immunes.
1357 2213 1438 2274 Item

309 2325 424 2390 001000
440 2322 556 2388 Omoin
573 2322 692 2386 iurabit
708 2341 807 2404 super
823 2341 869 2404 eo,
887 2321 972 2402 quod
998 2323 1106 2403 Matcy
1131 2319 1262 2403 iobagio
1289 2319 1438 2403 Magistri

309 2431 388 2498 Jula
404 2450 444 2493 ex
461 2430 519 2493 illo
536 2429 669 2492 uulnere
686 2425 789 2492 eidem
805 2446 861 2510 per
877 2425 1024 2492 homiues
1041 2427 1191 2510 Magistri
1202 2425 1434 2510 Kemynillato

309 2545 452 2603 mortuus
471 2536 586 2616 100111;
614 2542 731 2600 extunc
757 2535 915 2614 Magister
940 2535 1068 2619 Kemyn
1095 2535 1200 2598 soluat
1229 2533 1436 2597 homicidium

309 2643 463 2724 eiusdem,
480 2643 564 2706 siout
580 2640 825 2706 consuetudinis
843 2640 943 2704 estin
961 2642 1081 2722 [tegno.
1099 2641 1179 2704 Item
1206 2638 1364 2720 Magister
1379 2640 1437 2702 Kc·
1558 2627 1560 2632 ’

308 2771 385 2834 myn
401 2771 460 2834 pro
493 2751 628 2814 uulnere
645 2748 775 2814 Nicolai
809 2747 918 2812 fratris
953 2747 1098 2812 ciusdem
1126 2749 1235 2831 Matey
1262 2747 1356 2811 dabit
1385 2747 1435 2811 de-

310 2877 379 2924 cem
395 2858 540 2942 pondera
556 2857 759 2922 denariorum
775 2857 984 2921 1101100οἰ00.
1004 2857 1081 2920 Item
1099 2856 1170 2937 ipse
1196 2853 1353 2936 Magister
1378 2854 1437 2918 Ke-

309 2984 462 3048 rnynpro
493 2963 616 3048 pecude
641 2962 782 3045 quadam
817 2963 909 3028 dabit
948 2983 1047 3028 unum
1074 2961 1349 3028 fertononr.1tem
1382 2981 1435 3044 pro

309 3074 416 3138 011010
447 3073 570 3156 pecude
602 3074 683 3136 sciet
714 3070 885 3137 ueritatem
916 3072 988 3155 ipse
1021 3071 1178 3153 Magister
1195 3071 1343 3154 Kemyn3
1362 3068 1435 3135 etsi

307 3180 438 3244 sciuerit
454 3179 599 3244 horrrines
615 3199 689 3244 suos
707 3179 876 3261 recepisse,
894 3179 995 3243 eciam
1012 3178 1101 3244 dabit
1118 3179 1275 3242 fertonem
1303 3196 1361 3260 010
1389 3195 1435 3240 00.

307 3287 387 3350 Item
405 3287 438 3352 in
456 3287 579 3351 eisdem
597 3286 721 3350 0010010
738 3287 847 3350 Sancti
865 3286 996 3350 Nicolai
1013 3286 1156 3349 Thomas
1174 3283 1215 3347 de
1234 3283 1328 3347 Rend
1355 3283 1436 3348 iura·

309 3393 357 3458 bit
373 3415 468 3476 super
485 3415 532 3478 eo,
552 3394 636 3474 quod
653 3393 744 3474 Moys
763 3390 841 3456 duos
858 3393 958 3456 boues
977 3391 1104 3456 Vasard
1122 3391 1309 3471 iobagionis
1338 3389 1433 3470 Magi·

309 3479 367 3565 itii
384 3501 461 3566 Iula
478 3520 542 3564 non
560 3500 726 3580 receperit.
743 3501 825 3562 Item
841 3499 1008 3562 Iohannes
1027 3497 1068 3560 de
1080 3497 1258 3562 Torrthfolu
1270 3498 1298 3562 si
1309 3499 1434 3562 iuraue-

310 3605 363 3690 rit,
388 3605 471 3684 qnod
505 3605 646 3688 Koppan
672 3605 735 3667 tria
761 3606 854 3686 paria
879 3623 1046 3668 ocrearum
1073 3605 1256 3684 iobagionis
1283 3599 1431 3684 Magistri

308 3711 577 3792 Ι1010100000111;
594 3716 709 3774 extunc
735 3729 792 3790 pro
819 3708 866 3773 eis
893 3709 1006 3774 Comes
1030 3709 1172 3792 Koppan
1200 3708 1293 3772 dabit
1319 3726 1434 3772 nouem

310 3817 464 3901 pondera.
482 3817 563 3881 Item
588 3817 744 3897 Magister
769 3818 896 3900 Kemyn
922 3837 1020 3898 super
1046 3817 1211 3880 abcisione
1232 3815 1330 3879 trium
1357 3813 1436 3896 digi-

308 3933 412 3990 torum
429 3923 541 3987 relicte
557 3923 738 4003 iobagionis
756 3923 904 4005 Magistri
921 3923 996 3988 Jule
1013 3920 1256 3989 satisfacturum
1267 3941 1303 3986 se
1314 3923 1435 4003 ascrip-

309 4032 359 4099 sit
376 4035 460 4098 Item
476 4029 672 4116 superfacto
688 4029 836 4094 undecim
854 4031 950 4096 boum
968 4029 1100 4094 Comitis
1128 4031 1237 4114 Botyu
1266 4037 1299 4094 et
1325 4027 1433 4095 fratris

309 4141 361 4204 sui
377 4138 509 4204 Andrec
525 4135 779 4216 interrogabitur
794 4137 949 4219 Magister
970 4136 1138 4203 Iohannes
1163 4136 1251 4201 tilius
1269 4134 1436 4221 Ladyzlai,

309 4247 337 4314 01
353 4244 490 4331 predicti
507 4244 606 4308 boues
621 4243 744 4325 recepti
760 4241 794 4306 in
821 4241 903 4306 uilla
929 4263 988 4308 sua
1014 4245 1079 4310 sint
1104 4241 1240 4308 Comitis
1266 4245 1376 4328 Botyn
1403 4251 1433 4308 et

308 4354 419 4419 1101110
436 4351 504 4434 sui;
522 4358 553 4416 et
570 4351 598 4414 si
617 4348 791 4416 eorundem
818 4347 947 4430 1001101,
974 4357 1091 4416 extunc
1119 4351 1277 4434 Magister
1303 4353 1434 4435 Kornyn

309 4459 423 4526 reddet
438 4458 560 4524 eisdem
579 4457 632 4523 uel
646 4455 745 4522 faciet
762 4453 851 4520 reddi
868 4474 928 4539 per
954 4456 1110 4523 Comitem
1135 4456 1288 4542 Koppau,
1315 4459 1436 4524 Iohan-

308 4588 380 4635 nem
396 4565 614 4645 Gumanicrrm,
632 4563 735 4646 syro,
753 4565 961 4645 lampertum
979 4574 1010 4630 et
1027 4565 1237 4649 Ladyaiaum,
1259 4565 1313 4629 001
1331 4568 1440 4631 refun-
1558 4597 1560 4610 ‹
