3132 5192
843 414 997 512 „ess

360 619 563 672 antecessores
593 606 730 692 pusillos
760 613 794 674 et
818 607 925 691 quiete
959 605 1215 676 irreuoeabiliter
1238 598 1490 690 possidendam.

359 709 460 777 Ceius
474 711 605 793 quidem
621 720 706 780 terre
722 721 806 780 mete
825 711 886 783 hoe
902 713 1017 781 ordine
1034 713 1269 797 distinguntur:
1288 708 1387 794 quod
1402 707 1489 774 risle·

359 820 435 887 lieet
449 819 554 904 prima
569 829 656 888 meta
672 822 790 908 incipit
804 823 848 889 ab
863 822 1026 910 aquilone,
1043 822 1097 889 vbi
1113 827 1188 888 sunt
1203 819 1267 886 due
1284 817 1344 885 vie
1363 815 1490 882 venien-

357 934 408 994 tes
424 949 446 993 a
461 927 541 996 villa
554 929 714 1012 Pereateg
729 933 761 995 et
777 949 797 994 a
812 927 893 996 villa
909 929 1004 995 Kasn
1020 929 1274 1012 ooniungnntur3
1293 923 1342 992 de
1353 944 1423 1008 qne
1436 943 1491 1007 per

356 1036 508 1102 undeoim
524 1043 628 1102 metas
644 1035 765 1104 direete
781 1035 824 1102 ad
840 1035 1004 1103 meridiem
1022 1035 1188 1103 deseendit
1199 1033 1394 1119 ndprstum
1412 1030 1488 1097 Sed-

361 1143 415 1209 feu
432 1149 665 1230 nuncupatum,
682 1145 736 1210 vbi
753 1145 822 1231 ipse
838 1149 922 1212 mete
937 1143 1114 1229 iunguntur
1128 1145 1204 1230 alljs
1228 1144 1330 1209 metis
1358 1138 1491 1204 Comitis

362 1249 450 1316 Petri
464 1250 656 1337 supradicti,
673 1251 833 1320 eteoclem
849 1272 908 1337 per
923 1251 1078 1319 Comitem
1105 1253 1231 1318 Petrum
1256 1249 1397 1315 eleuare
1421 1255 1491 1312 sunt

357 1363 389 1423 et
404 1364 521 1443 ereete,
539 1375 602 1442 que
618 1361 660 1426 ab
676 1357 841 1427 oeeidente
856 1367 986 1446 separat
999 1367 1116 1426 terram
1142 1358 1264 1441 Oukou,
1292 1358 1340 1421 eb
1369 1355 1491 1421 oriente

359 1483 435 1530 vero
451 1463 584 1551 Markys
609 1468 727 1534 Comiti
743 1465 936 1554 supradicto.
964 1467 1057 1545 Quod
1081 1475 1116 1534 rt
1139 1471 1245 1532 ratum
1270 1466 1327 1547 sit,
1355 1479 1490 1547 presens

355 1572 510 1656 seriptum
525 1575 717 1640 contulimus
734 1581 843 1642 nostro
854 1574 1211 1660 sigilleeemmunitum.
1229 1575 1399 1657 Magistro
1416 1569 1481 1651 My·

355 1679 469 1746 ehnele
484 1681 661 1765 Prepesito‚
679 1681 797 1748 Cosma
813 1683 962 1764 Castore,
988 1681 1098 1748 Blasio
1124 1680 1276 1762 Custode,
1293 1681 1402 1746 Petro
1428 1676 1486 1740 De-

312 1799 315 1807 *
355 1807 435 1853 nano
452 1787 600 1854 Eeelesie
617 1795 726 1855 nostre
741 1789 963 1856 existentibus.
980 1787 1073 1855 Anno
1090 1788 1131 1853 ab
1158 1788 1400 1855 lnearnaeione
1426 1783 1483 1850 Do-

357 1892 436 1958 mini
452 1895 571 1961 M⁰CC⁰
587 1897 799 1979 nonagesimo
818 1894 972 1963 seeundo.

352 2091 494 2155 (Ugyans
515 2090 625 2145 vasutri
648 2089 840 2158 kfiptalannulr
864 2094 974 2144 rans-ki
1000 2089 1155 2155 §tirstlboh
1183 2091 1254 2157 moly
1281 2093 1371 2157 szos
1397 2084 1483 2152 kirlly

355 2181 422 2229 1378
438 2181 555 2243 „Datum
569 2185 596 2231 in
611 2182 752 2248 Vysegrod
766 2186 861 2248 quinto
875 2183 918 2233 die
932 2186 994 2234 insti
1008 2183 1180 2234 Aseensionis
1195 2179 1324 2234 Domiui“
1354 2178 1417 2229 lrelt
1438 2192 1481 2242 pn·

351 2266 486 2321 rnuestru.
502 2273 569 2324 1378
586 2271 630 2334 ‚in
643 2273 711 2324 festo
724 2275 868 2325 Baulorum
882 2273 957 2327 Petri
969 2283 997 2325 et
1009 2272 1087 2323 Pauli
1101 2272 1310 2338 Apostolorum*
1328 2267 1410 2335 ujbol
1424 2269 1479 2318 lrir·

597 2362 700 2426 dstott3
714 2378 731 2414 a
743 2362 826 2414 budui
840 2363 891 2414 kir.
905 2363 1030 2415 kamarsi
1043 2353 1233 2428 lerlltl'rban.)

876 3198 950 3265 395.

345 3391 376 3454 Α
391 3393 561 3478 υωιρνέπιὶ
576 3393 800 3475 ledptelaonak
816 3393 1088 3480 biamoysdpleoele‚
1107 3397 1191 3481 luopy
1207 3395 1321 3483 Eykai
1339 3393 1475 3460 Oleum

345 3519 443 3562 eornm
460 3502 492 3563 e'n
509 3499 618 3581 Eyleen'
634 3508 711 3562 novit
727 3501 839 3564 ὅνὸἶιόε
858 3499 1116 3585 fttba‘rtolrokban
1133 3503 1368 3568 oaatozlodtok.
1381 3500 1471 3565 1292.

455 3710 524 3773 Nos
551 3707 733 3793 Capitulum
762 3712 1014 3799 vesprimiensis
1039 3717 1187 3784 Eeelesie
1204 3715 1321 3784 demus
1339 3737 1398 3802 pro
1414 3731 1469 3778 me·

346 3813 459 3895 moria,
484 3815 568 3895 quod
595 3813 717 3884 Comite
744 3817 876 3886 Chelleo
902 3820 943 3887 de
969 3822 1065 3906 Eyka
1091 3843 1149 3908 pro
1175 3844 1211 3890 se
1228 3832 1260 3891 et
1288 3845 1348 3910 pro
1373 3825 1470 3896 Pons,
1559 3859 1563 3896 l

343 3919 449 4004 llykn,
467 3919 642 4010 Stephano,
660 3930 691 3987 et
710 3945 768 4008 pro
780 3924 949 4012 Oluplilijs
966 3930 1032 3996 suis
1050 3951 1091 3996 ex
1106 3951 1172 3996 une
1183 3938 1286 4016 parte,
1305 3929 1464 4016 Stephano
1559 3898 1561 3929 ¹

343 4025 408 4092 lilio
426 4027 582 4114 Stephani
600 4031 641 4095 de
652 4029 777 4118 eadem,
794 4031 861 4098 filio
878 4034 1029 4102 videlieet
1045 4037 1155 4103 fratris
1173 4039 1321 4106 eiusdem
1339 4033 1466 4104 Comitis
1560 4081 1562 4131 p

340 4130 476 4218 Chelley
491 4155 532 4200 ex
549 4137 661 4220 altere,
680 4157 788 4203 eorem
799 4139 891 4206 nobis
908 4143 1119 4225 personaliter
1129 4146 1325 4232 constitutis,
1344 4161 1463 4212 eoncor-

340 4237 422 4303 diter
438 4241 642 4324 propositum
660 4243 765 4308 extitit
782 4264 839 4327 per
856 4245 986 4313 eosdem
1004 4271 1011 4330 ;
1029 4250 1114 4330 quod
1131 4247 1464 4336 terramipsorumhe·
1560 4263 1562 4335 ῃ

339 4342 527 4412 rediteriam
544 4346 578 4410 in
595 4346 692 4434 llylra
708 4349 864 4433 habitam,
882 4371 902 4415 a
917 4352 1012 4420 terris
1028 4362 1241 4437 cognatorum
1267 4379 1403 4425 suorum
1428 4353 1462 4420 de

341 4452 557 4530 generacione
574 4471 683 4518 eorum
700 4461 887 4538 separatam
904 4463 935 4521 et
952 4457 1137 4527 distinctam
1154 4482 1213 4546 per
1229 4464 1365 4530 modum
1382 4460 1463 4552 pasis

339 4562 371 4621 et
387 4557 558 4623 eoneordie
573 4559 656 4624 inter
667 4579 702 4624 se
719 4560 877 4644 equaliter
888 4559 1088 4651 diuisissent,
1101 4569 1200 4635 eertis
1211 4571 1363 4639 terminis
1374 4580 1463 4654 atque
1558 4608 1564 4653 p

340 4661 435 4728 metis
450 4660 686 4746 distinguendo.
704 4663 803 4732 Cuius
818 4661 948 4751 quidem
965 4675 1050 4737 terre
1066 4679 1098 4738 et
1113 4672 1288 4744 diuisionis
1298 4687 1398 4764 mete,
1415 4674 1462 4742 sie·
