3124 5194
532 333 682 438 „cc

44 550 95 611 ne;
111 527 266 598 fidelibus
284 529 403 596 nostris
424 529 582 614 Magistro
610 529 845 597 Crucit'erorum
872 537 903 596 et
921 529 1094 600 cruciferis
1127 531 1168 598 de

43 637 128 702 licus
142 636 245 702 Curia
269 636 419 704 dedimus
435 637 471 703 in
486 637 661 722 mandatis,
679 643 714 704 ut
729 657 802 704 cum
818 639 908 704 Luca
920 639 1044 722 juvene
1060 645 1169 707 nostro

42 723 130 808 vnum
147 763 190 808 ex
206 743 293 829 ipsis
312 743 472 810 mitterent
488 766 546 830 pro
561 745 757 832 testimonio,
774 764 884 813 coram
902 765 965 829 quo
976 745 1062 812 idem
1073 746 1168 813 homo

42 857 141 916 noster
156 849 338 936 predictam
355 856 474 920 terram
493 851 546 917 nel
562 851 813 938 possessionem,
832 851 1019 919 conuocatis
1036 872 1170 920 commc-

42 959 136 1024 laneis
152 963 185 1023 et
201 957 322 1024 vicinis
338 958 429 1025 iuxta
444 957 550 1042 Regni
566 957 832 1026 consuetudinem
848 957 1077 1044 reambularet,
1094 965 1126 1025 et
1141 960 1171 1026 si

42 1065 78 1132 ad
94 1071 240 1132 nostram
261 1065 472 1132 coMacionem
486 1065 700 1148 pertinentem
708 1084 782 1132 esse
792 1065 963 1150 inueniret,
974 1071 1092 1132 extunc
1101 1066 1169 1134 Ma-

42 1174 130 1256 gistro
137 1171 310 1258 Stephano
322 1172 458 1239 eandem
470 1172 666 1256 assignaret,
673 1171 965 1239 contradictoribus
975 1173 1167 1243 adnostram

42 1280 236 1366 presentiam
249 1280 404 1348 euocatis.
416 1278 478 1357 Qui
489 1279 620 1362 quidem
630 1280 786 1364 Magister
797 1280 1031 1347 Orncifororum
1045 1289 1077 1348 et
1088 1282 1167 1350 Gru·

42 1386 123 1454 citeri
139 1389 237 1456 nobis
256 1389 493 1473 rescripserunt
511 1388 639 1454 inhunc
656 1388 803 1453 modurn:
820 1388 908 1470 quod
935 1387 1097 1474 predictus
1114 1391 1168 1459 hu·

43 1503 203 1562 monoster
220 1517 334 1562 coram
348 1497 490 1583 ipsorum
501 1495 686 1564 testimonio
699 1499 955 1581 prenominatam
967 1507 1086 1564 terram
1112 1517 1169 1566 sen

43 1607 276 1690 possessionem
295 1604 448 1671 Belmura
463 1611 685 1690 nuncupatam
703 1623 812 1675 coram
824 1604 1054 1674 commetaneis
1070 1613 1102 1671 et
1119 1605 1164 1672 ui-

5 1781 7 1790 ,
43 1712 113 1778 cinis
127 1711 369 1778 reambulasset
392 1732 452 1800 per
477 1719 603 1779 ueteres
630 1716 734 1778 metas
760 1719 792 1776 ct
817 1713 978 1797 antiquas,
1010 1717 1042 1779 et
1072 1713 1161 1780 nullo

45 1819 276 1886 contradictore
293 1812 463 1907 eristente,
480 1818 614 1886 sciendo
631 1821 673 1886 ab
690 1820 851 1906 omnibus,
868 1826 1023 1904 tanquam
1039 1821 1090 1888 ius
1115 1821 1164 1907 ip·

44 1931 101 1996 sius
116 1948 187 1995 esse
212 1927 460 2013 hereditarium,
485 1927 550 2013 ipsi
574 1927 734 2012 Magistro
760 1927 929 2014 Stephano
954 1931 1168 2014 assignasset.

47 2037 151 2104 Uerum
166 2057 241 2102 cum
257 2033 346 2102 idem
361 2036 519 2120 Magister
535 2035 721 2121 Stephanus
738 2036 917 2102 illustribus
927 2035 1085 2124 Regibus,
1095 2057 1165 2122 pre-

46 2142 261 2212 decessoribus
279 2145 400 2213 nostris
416 2145 556 2212 fideliter
572 2145 756 2232 demiserit,
773 2144 858 2214 sicut
873 2146 968 2213 nobis
983 2165 1042 2232 per
1068 2147 1163 2214 Baro

47 2273 95 2319 nes
109 2258 237 2320 nostros
253 2253 427 2320 recitatum
445 2254 564 2339 extitit,
579 2273 620 2320 ac
637 2254 738 2320 eciam
757 2275 778 2322 a
794 2261 938 2341 tempore
948 2255 1168 2324 coronacionis

48 2367 143 2426 nostre
158 2379 293 2447 semper
309 2366 342 2429 et
358 2360 477 2444 ubique
503 2358 645 2430 locorum
670 2361 703 2428 iu
731 2362 872 2428 diuersis
897 2362 1166 2447 expedicionibus

50 2467 142 2552 Regni
157 2469 273 2550 nostri,
293 2475 324 2535 et
340 2469 527 2556 specialiter
543 2477 656 2537 contra
672 2469 822 2538 inlideles
838 2477 977 2558 nostros,
1003 2492 1068 2538 non
1094 2490 1166 2556 par-

50 2575 138 2644 cendo
150 2581 250 2644 rebus
267 2579 344 2656 suis,
362 2583 393 2643 et
409 2577 633 2662 possessiones
651 2597 729 2646 suas
747 2577 891 2664 spoliari,
908 2598 979 2646 cum
1007 2579 1166 2647 effusione

49 2703 241 2770 sanguynum
259 2687 431 2753 multorum
443 2687 659 2754 seruiencium
670 2705 812 2772 sucrum,
823 2687 964 2755 seruicia
981 2687 1162 2776 ideliapro

51 2790 162 2860 Corona
175 2794 283 2878 Regia
298 2795 469 2861 exibuerat
484 2794 643 2878 graciosa.
660 2795 730 2861 Nos
746 2815 805 2879 pro
824 2795 1010 2862 huiusmodi
1036 2796 1163 2864 merito·

49 2900 97 2983 rijs
111 2905 257 2990 seruicijs
274 2905 352 2989 suis,
369 2911 400 2970 et
417 2905 450 2970 in
475 2906 814 2988 recompensacionem
839 2906 982 2972 omnium
1009 2905 1163 2990 dampno-

5 3049 9 3076 ,·
51 3027 107 3074 rum
123 3030 265 3098 sucrum,
284 3032 323 3077 ac
338 3033 396 3098 pro
414 3019 515 3078 morte
530 3011 727 3080 seruientum
745 3013 898 3093 eiusdem,
916 3011 1078 3098 prefatam
1101 3018 1163 3078 ter-

50 3123 149 3182 mmet
164 3119 405 3203 possessionem
420 3118 574 3184 Belmura
592 3124 750 3201 uocatam,
779 3138 851 3185 cum
877 3117 1069 3185 utilitatibus
1094 3119 1163 3186 suis

5 3279 7 3286 s
50 3221 190 3292 uniuersis
206 3234 239 3292 et
257 3225 518 3310 circumstancijs
534 3225 685 3311 eiusdem,
703 3225 762 3292 sub
780 3222 901 3292 eisdem
930 3226 1025 3292 metis
1041 3233 1074 3292 et
1102 3232 1162 3292 ter-

52 3327 142 3416 minis,
158 3333 192 3398 in
218 3333 337 3418 quibus
364 3353 421 3418 per
446 3333 571 3420 priores
596 3351 799 3418 possessores
826 3332 969 3400 limitata
999 3333 1105 3402 fuerat
1133 3341 1165 3402 et

51 3455 194 3526 possessa,
211 3439 378 3526 sepedicto
395 3439 554 3524 Magistro
570 3439 746 3526 Stephano,
764 3447 797 3507 et
812 3441 879 3508 suis
895 3440 1079 3526 heredibus,
1104 3441 1158 3508 he·

52 3541 209 3630 redumque
225 3569 355 3616 suorum
373 3549 614 3616 successoribus
630 3547 702 3614 sine
719 3548 900 3634 preindicio
926 3549 1004 3616 iuris
1025 3549 1163 3616 aliorum

53 3647 194 3744 dedimus,
211 3654 404 3724 donabimus
415 3661 448 3722 et
459 3656 653 3723 contulimus
663 3657 732 3723 inre
746 3661 903 3742 perpetuo
921 3663 953 3724 et
968 3656 1162 3724 irreuocabi-

54 3754 116 3822 liter
130 3761 367 3847 possidendam,
385 3761 558 3826 tenendam
575 3761 698 3846 pariter
723 3768 755 3826 et
783 3761 977 3828 habendam.
1003 3763 1041 3826 ln
1070 3763 1161 3831 cuius

55 3864 93 3928 rei
106 3872 289 3936 memoriam
314 3875 570 3955 perpetuamque
595 3869 781 3936 firmitatem
808 3878 978 3955 presentes
1004 3871 1162 3938 concessi-

56 3989 113 4038 mus
126 3975 249 4046 litteras
265 3977 405 4064 duplicis
421 3977 522 4061 sigilli
537 3976 638 4044 nostri
654 3977 831 4045 munimine
848 3978 1025 4044 roboratas.
1041 3979 1162 4042 Datum

55 4098 102 4161 per
114 4103 222 4154 manus
239 4087 369 4154 discreti
384 4086 447 4153 viri
463 4086 613 4171 Magistri
631 4086 780 4170 Gregorij
800 4085 903 4152 Ellccti
928 4084 1084 4152 Albensis
1101 4083 1162 4148 Ec·

58 4187 138 4258 clesie
168 4198 242 4264 aule
268 4201 379 4263 nostre
404 4191 712 4278 vice-Oancollarij
747 4193 858 4259 dilecti
884 4199 916 4258 et
935 4190 1039 4258 tidelis
1064 4189 1164 4257 nostri

59 4311 130 4364 anno
152 4302 282 4370 Domini
307 4302 430 4370 ΜῦΟΟο
459 4301 673 4388 nonagesimo
699 4301 847 4387 septimo,
875 4298 979 4384 pridie
1002 4297 1167 4364 kalendas

58 4397 241 4497 Nouembris,
255 4411 361 4496 Regni
377 4419 486 4480 autem
502 4412 603 4478 nostri
618 4429 705 4476 anno
722 4416 847 4476 octauo.

61 4543 176 4607 OErsdsris
185 4555 358 4624 bllrhtrtyin,
368 4573 386 4609 a
395 4555 481 4624 tuggo
493 4552 586 4623 pecsdt
596 4555 728 4606 elresaett
739 4572 745 4617 ς
757 4571 774 4606 a
785 4555 866 4604 budai
877 4553 930 4605 kir.
941 4553 1064 4602 kamarai
1084 4547 1164 4601 lavdi·

545 4641 662 4708 ltrban.)
