3132 5192
527 310 688 424 Α

37 501 329 598 molendynarium
355 509 501 579 eiusdem
524 508 732 580 uenerabilis
757 510 863 596 patris
888 509 1009 580 domiui
1033 508 1176 600 drohye·

36 618 169 704 pisoopi,
187 617 277 686 inter
293 617 431 686 macella
447 617 488 684 de
504 617 673 702 Strigonio
706 617 895 702 macellarij
922 639 979 685 seu
1004 619 1173 686 carnifices

36 724 282 808 Strigonicnses
305 725 341 790 in
356 745 436 792 naso
453 724 629 792 orribiliter
645 724 864 809 uulnerarunt,
884 731 916 790 et
945 725 1050 809 ipsum
1076 723 1171 812 Capi-

32 835 128 899 tulum
148 833 380 918 strigoniense
412 829 453 897 de
479 831 702 917 subponendis
728 833 965 898 sustentaculis
988 832 1172 900 deambula·

34 941 103 1025 torij
121 939 254 1026 palaoij
288 937 419 1006 domine
450 939 572 1026 Zenye,
590 938 676 1021 quod
692 946 742 1004 est
758 939 860 1022 ipsius
887 937 1039 1024 Capituli,
1069 938 1167 1023 ijdem

36 1043 138 1116 ludex
154 1051 189 1112 et
207 1043 307 1112 Ciues
323 1045 383 1110 lite
400 1045 561 1128 pendente
579 1044 813 1130 prohibuerunt
830 1053 1054 1131 procuratores
1082 1047 1175 1132 Capi·
1237 1103 1239 1106 .

35 1153 75 1220 uli
88 1152 331 1237 potencialiter
348 1153 563 1236 insurgentes.
581 1152 739 1217 Prcterea
755 1153 869 1218 Comes
879 1153 1076 1238 Kanklynus
1086 1156 1175 1220 Ciuis

36 1261 278 1345 strigoniensis
296 1247 506 1346 Lamperlum
523 1259 730 1344 iobagionum
749 1259 897 1325 Ecclesia
912 1259 1024 1325 Sancti
1051 1260 1174 1328 Thomc

37 1367 182 1436 martiris
200 1369 245 1435 de
263 1367 486 1434 Promontorio
514 1366 728 1450 strigoniensi
754 1373 869 1434 eontra
893 1368 1078 1436 libertatem
1106 1391 1173 1456 pre·

38 1477 123 1544 dicte
140 1477 300 1546 Ecclesia
317 1475 430 1544 Sancti
447 1476 571 1543 Thome
587 1475 777 1560 eaptinauit,
803 1475 941 1542 eundem
966 1496 1081 1542 narrem
1108 1477 1172 1542 die-

40 1585 99 1652 bus
115 1591 150 1651 et
166 1585 311 1652 totidem
327 1583 472 1651 noctibus
499 1585 531 1649 in
557 1603 617 1650 sua
643 1582 837 1667 captiuitato
862 1581 1054 1670 detinendo;
1080 1591 1173 1668 prout

39 1693 97 1758 bec
112 1693 230 1759 omnia
248 1691 364 1758 etalio
380 1711 478 1777 quam
494 1691 635 1776 plurima
651 1690 852 1776 grauamina,
880 1709 941 1771 quc
967 1692 1171 1773 presentibus

40 1806 173 1885 propter
200 1797 409 1884 dispendium
426 1819 492 1864 non
517 1797 721 1882 inseruimus,
746 1795 888 1863 fidelium
914 1802 1095 1862 nostrorum
1120 1799 1164 1865 ad

40 1907 98 1974 hoe
113 1907 310 1993 specialiter
326 1906 554 1992 deputatorum
568 1929 575 1990 ;
592 1906 746 1972 videlicet
770 1905 900 1972 discreti
938 1905 1000 1970 viri
1026 1907 1175 1990 Magistri

40 2013 215 2100 Demetrij‚
233 2016 392 2082 albensis
408 2015 552 2081 Ecclesia
569 2013 735 2101 Canonici,
752 2012 851 2079 nostri
876 2013 1048 2078 familiaris
1064 2021 1176 2100 etspe-

42 2124 134 2190 oialis
166 2124 290 2208 elerici,
324 2129 356 2189 et
371 2123 503 2190 Comitis
519 2123 605 2188 Petri
622 2122 742 2207 Syculi,
759 2141 895 2188 necnon
913 2121 1070 2207 Stephani
1085 2143 1174 2208 pres·

44 2231 133 2298 bileti
167 2230 346 2317 Capeliani
371 2229 472 2296 nostri
497 2229 643 2296 ueridica
666 2229 789 2295 relacio
812 2228 986 2318 patefecit,
1011 2250 1051 2294 ac
1076 2231 1175 2297 etiam

43 2339 209 2424 speciales
225 2338 320 2406 nobis
337 2338 436 2406 misse
452 2337 606 2404 Albensis
638 2343 670 2402 et
684 2335 845 2404 Budensis
876 2335 1108 2424 Capitulorum,
1141 2347 1173 2406 et

46 2445 193 2530 Magistri
212 2465 253 2512 ae
269 2444 455 2512 Ocnuentus
471 2444 707 2511 Crucilerorum
733 2445 855 2511 Domus
883 2445 1067 2530 Hospitalis
1092 2445 1171 2512 San-

46 2537 85 2619 cti
108 2554 214 2638 Regis
230 2551 389 2639 Stephani
405 2552 446 2619 de
471 2551 636 2637 Strigonio
662 2549 880 2618 demandato
905 2559 1014 2619 nostro
1040 2555 1175 2639 speciali

49 2659 258 2744 inquisitoris
290 2661 399 2729 littere
429 2659 692 2728 manifestissime
719 2662 849 2746 plenam
882 2660 976 2727 fidem
1007 2660 1175 2746 facientes,

49 2767 266 2838 declararunt.
299 2769 367 2837 Nos
393 2769 492 2853 igitur
523 2769 764 2836 venerabilibus
798 2768 945 2854 patribus
976 2777 1008 2836 et
1038 2768 1176 2836 dominis
1203 2801 1210 2808 ·

51 2874 177 2945 llndree
197 2871 379 2963 Agriensis,
397 2876 572 2945 Benedicta
603 2876 875 2962 wesprimiensis,
898 2876 1002 2942 Paulo
1027 2875 1174 2959 Quinque

52 2981 269 3070 ecclesiensis,
301 2983 476 3050 Benedicto
494 2984 579 3052 Albe
604 2984 784 3068 Bulgarice,
813 2990 844 3049 et
869 2983 963 3049 Haab
995 2984 1175 3052 Waciensis

51 3087 171 3156 lliulna
184 3090 379 3176 disponente
391 3090 565 3158 clementia
581 3091 796 3157 Ecclesiarnm
808 3089 988 3175 Episcopis5
1006 3091 1175 3158 Dominico

51 3195 204 3280 idagistro
222 3199 487 3267 Tawamioorum
504 3205 697 3284 nostrorum,
715 3197 871 3263 Ladizlao
897 3197 1051 3280 Magistro
1076 3199 1162 3286 Dapi

50 3302 190 3373 ferorum
206 3315 399 3393 nostrorum,
418 3307 583 3395 Stephano
609 3307 676 3374 filio
702 3309 810 3392 Erney
835 3305 991 3390 Magistro
1016 3307 1172 3375 'Pauami-

53 3429 157 3480 corum
174 3413 306 3483 domine
330 3415 454 3499 Regiae
481 3415 655 3484 karissime
678 3415 835 3482 consortis
863 3421 983 3502 nostre,
1009 3413 1176 3500 Ladyzlao

54 3519 115 3585 filio
132 3521 266 3589 lauoaeh
291 3523 446 3606 Magistro
472 3524 723 3591 Tauamioomm
749 3523 879 3590 domine
903 3522 961 3589 Th.
979 3523 1039 3589 Dei
1064 3526 1176 3608 gracia

55 3626 179 3714 Regine
209 3629 346 3699 senioris
362 3631 477 3700 matris
494 3641 614 3719 nostre,
632 3639 665 3700 et
680 3632 755 3700 aliis
772 3651 867 3716 quam
883 3631 1030 3718 pluribus
1041 3633 1175 3699 Baroni·

55 3732 111 3802 bus
127 3745 160 3806 et
177 3737 341 3806 nobilibus
356 3739 461 3824 Regni
476 3741 587 3826 nostri,
612 3747 645 3806 et
670 3740 858 3826 specialiter
884 3741 1059 3807 assistente
1083 3741 1176 3809 nobis

56 3843 167 3912 eadem
183 3845 315 3913 domina
331 3845 559 3936 Th(omasina)
576 3849 704 3933 Regina
720 3848 849 3932 seniori,
874 3848 1049 3916 karissima
1074 3857 1176 3916 matre

58 3959 174 4039 nostra,
193 3953 382 4038 eisdemque
397 3955 510 4040 semel,
535 3955 677 4024 secundo
694 3963 726 4022 et
742 3957 852 4041 tercio,
868 3957 1078 4043 pluribusque
1102 3977 1176 4022 con-

59 4057 146 4128 sultis
164 4053 303 4148 uicibus,
329 4081 369 4128 ex
387 4063 531 4149 ipsorum
548 4065 689 4131 omnium
721 4067 867 4151 consilio,
900 4063 1115 4134 conniucncia
1146 4072 1179 4132 et

59 4184 220 4256 consensu,
238 4189 279 4235 ex
296 4169 462 4236 euidenter
478 4171 561 4239 falsa
580 4179 612 4239 et
628 4172 740 4256 iniqua
755 4174 949 4259 prefatorum
966 4173 1085 4238 ciuium
1111 4178 1175 4238 tur·

60 4271 164 4342 latino
181 4275 433 4362 inquietaoione,
463 4276 566 4346 dictos
592 4280 810 4347 venerabilem
838 4286 959 4364 patrem
977 4277 1175 4363 Capitulum·

59 4398 113 4461 que
128 4405 233 4471 suum,
259 4385 463 4470 Propositum
481 4395 513 4454 et
537 4385 717 4454 Ecclesiam
742 4386 853 4453 Sancti
879 4383 1013 4464 Thonis,
1039 4405 1119 4469 pure
1144 4393 1176 4451 et

62 4486 244 4576 simpliciter
254 4491 406 4560 duximus
418 4493 654 4580 absoluendos;
670 4493 748 4580 ipsis
759 4493 885 4560 ciuibus
900 4491 1174 4576 superpremissis

63 4613 161 4665 eorum
178 4597 398 4686 inquietatiua
414 4599 608 4686 turbecionc,
625 4608 690 4668 tam
718 4603 751 4667 in
784 4600 992 4686 possessor-io,
1020 4619 1115 4684 quam
1140 4601 1174 4667 iu
