3180 5202
864 372 1024 470 Q

382 571 469 635 terre
485 559 621 632 Bachka
637 565 781 633 habebat
799 585 907 632 corum
925 566 1019 634 nobis
1029 619 1038 652 ,
1068 583 1126 650 per
1145 564 1317 631 arbitrium
1332 558 1515 649 proborum

382 675 525 740 uirorum
542 675 582 738 de
598 681 711 741 nostra
726 673 941 759 permissione
972 675 1008 740 in
1025 674 1124 740 talem
1141 675 1235 760 pacis
1260 673 1396 738 formam
1413 691 1450 737 se
1468 667 1518 733 di·

382 787 501 848 xerunt
518 779 711 848 deuenisse:
736 782 823 864 quod
838 781 924 848 idem
943 783 1056 848 Comes
1082 781 1194 848 Bacba
1219 782 1404 864 porcionem
1423 786 1517 844 terre

386 889 427 955 de
442 889 516 975 ipsa
533 897 620 956 terra
636 889 773 957 Bacbka
783 941 792 976 ,
825 911 924 974 quam
941 892 1012 976 ipse
1038 891 1153 957 Omnes
1169 890 1327 956 Nicolans
1341 889 1377 954 in
1393 886 1519 954 eadem

382 996 538 1064 habuisse
556 998 805 1082 dinoscebatur,
839 1006 872 1066 et
904 999 1005 1064 eciam
1024 1015 1116 1064 suam
1141 997 1328 1082 porcionem
1344 997 1518 1081 propriam

382 1110 467 1170 terre
484 1104 525 1170 de
542 1105 666 1189 eadem,
683 1125 780 1188 quam
796 1127 837 1172 ex
848 1105 1026 1173 collacione
1042 1107 1132 1172 Baan
1148 1105 1212 1189 filij
1224 1103 1387 1187 Garwasij
1406 1101 1520 1169 soceri

384 1209 434 1276 sui
451 1211 650 1296 possidebat,
667 1213 799 1296 reliquit
822 1213 928 1281 eidem
946 1213 1064 1278 Comiti
1081 1213 1219 1278 Nicolao
1235 1217 1390 1299 perpetuo
1408 1208 1520 1294 possi·

384 1315 510 1385 dendas
526 1339 564 1385 eo
580 1318 694 1404 mod03
719 1319 805 1404 quod
823 1342 882 1406 pro
908 1321 1062 1404 porcione
1093 1327 1177 1386 terre
1204 1319 1351 1385 eiusdem
1377 1315 1520 1383 Comitis

384 1424 496 1492 Bacha
512 1425 677 1512 predictus
695 1425 811 1495 Comes
822 1428 982 1496 Nicolaus
993 1449 1090 1495 unam
1106 1428 1233 1514 peciam
1250 1427 1350 1510 panni
1365 1425 1407 1490 de
1417 1421 1522 1489 dorni

385 1553 443 1617 pro
460 1533 562 1600 tribus
580 1535 698 1602 marcis
716 1543 747 1601 et
762 1537 887 1604 lertone
903 1538 937 1602 in
953 1537 1127 1619 quindenis
1142 1537 1348 1602 Pentecostes
1364 1530 1523 1622 proxime
1561 1598 1562 1603 ,

386 1642 535 1708 uenturis
550 1641 629 1707 dare
647 1643 754 1708 eidem
772 1644 892 1708 Comiti
913 1644 1035 1728 Barba,
1053 1651 1085 1710 et
1102 1651 1166 1710 tres
1181 1663 1309 1709 marcas
1324 1642 1356 1705 iu
1374 1645 1522 1723 argento

385 1749 620 1815 mercimoniali
647 1751 754 1818 minus
786 1750 913 1817 fertone
929 1751 962 1816 in
995 1752 1123 1816 octauis
1139 1749 1333 1816 Natiuitatis
1349 1748 1445 1812 Beati
1464 1747 1522 1813 Jo-

386 1853 504 1920 bannie
529 1855 678 1941 Baptista
710 1857 835 1922 soluere
866 1858 1030 1924 tenebitur
1055 1878 1162 1924 coram
1179 1857 1333 1941 Capitulo
1349 1854 1522 1938 Agriensi,
1554 1902 1562 1941 7

385 1963 444 2026 tali
463 1981 547 2045 pena
563 1963 753 2048 interiecta;
780 1963 866 2048 quod
892 1967 920 2032 si
946 1967 1123 2048 quemlibet
1139 1966 1282 2048 ipsorum
1298 1964 1521 2029 terminorum
1552 2050 1556 2060 Ι

388 2069 620 2152 pretermiserit
637 2071 670 2135 in
688 2073 857 2154 soluendo,
885 2081 1004 2139 extunc
1020 2073 1130 2156 porcio
1147 2076 1231 2138 terre
1247 2071 1390 2136 eiusdem
1407 2070 1521 2136 Comi·

387 2176 430 2241 tis
448 2177 558 2242 Bacha
574 2177 637 2242 sibi
654 2179 717 2264 ipsi
743 2179 924 2246 remanebit
949 2187 1105 2264 perpetuo
1121 2176 1337 2263 possidenda,
1360 2167 1520 2262 nec'pre-

388 2281 476 2348 fatus
495 2283 609 2352 Comes
625 2285 781 2353 Nicotaus
798 2306 895 2372 super
911 2287 985 2371 ipsa
1004 2288 1158 2372 porcione
1184 2293 1270 2351 terre
1285 2286 1391 2370 ipsum
1407 2283 1519 2350 Gemi·

388 2395 452 2454 tom
469 2391 613 2457 Bacbarn
629 2393 670 2460 de
687 2401 792 2461 cetero
803 2397 923 2480 poterit
933 2397 1116 2462 molestare.
1128 2397 1281 2461 Preterea
1291 2393 1325 2458 in
1341 2393 1393 2459 die
1409 2394 1521 2478 prime

388 2497 563 2566 solucionis
582 2501 688 2567 dictus
705 2501 821 2569 (lomes
838 2503 950 2568 Bacha
967 2502 1176 2588 priuilegium
1191 2501 1408 2586 Vicepalatini
1423 2501 1519 2568 Bude

388 2604 559 2672 residentis
577 2615 608 2673 et
625 2606 768 2692 Capituli
800 2609 993 2696 agriensis,
1026 2610 1143 2693 quibus
1169 2608 1389 2675 mediantibus
1405 2611 1519 2692 porcio

389 2719 472 2778 terre
505 2715 608 2798 ipsius
625 2717 758 2784 Comitis
774 2719 904 2784 Nicolai
931 2719 972 2784 de
998 2717 1135 2784 Bachka
1161 2717 1203 2783 ad
1235 2718 1341 2802 ipsum
1358 2717 1519 2784 deuolute

389 2818 504 2908 lucrat,
521 2830 553 2889 et
569 2825 740 2892 unirrersas
756 2826 883 2896 litteras
907 2847 1003 2912 super
1029 2827 1105 2911 ipsa
1122 2845 1220 2892 eausa
1235 2844 1418 2913 processus,
1433 2831 1468 2891 et
1484 2825 1516 2890 in

389 2927 441 2994 die
452 2929 562 2997 vltime
573 2931 753 2998 solucionis
771 2933 978 3018 priuilegium
988 2934 1086 3018 Regis
1103 2934 1160 3018 St,
1170 2954 1234 3017 quo
1251 2932 1417 3000 mediante
1427 2933 1515 2998 idem
1560 2937 1561 2942 ’

391 3035 504 3104 Comes
522 3039 632 3104 Bacba
648 3041 832 3125 porcionem
848 3047 933 3108 terre
949 3061 1006 3108 sue
1022 3041 1062 3108 de
1079 3040 1190 3106 eadem
1201 3038 1403 3128 possidebat,
1418 3039 1517 3107 debet

389 3143 525 3212 reddere
541 3165 650 3212 eoram
662 3147 773 3214 eodem
784 3149 934 3235 Capitulo
950 3149 1103 3233 Agriensi
1115 3149 1232 3214 Comili
1249 3149 1386 3216 Nicolao
1403 3171 1514 3236 supra·

383 3251 485 3338 dicto,
504 3261 536 3320 et
551 3255 724 3340 priuilegio
735 3257 879 3323 eiusdem
896 3257 1039 3342 Capituli
1057 3256 1311 3341 resignacionem
1328 3257 1514 3343 porcionum

389 3361 534 3445 ipsarum
551 3369 707 3430 terrarum
724 3363 830 3430 cidem
849 3365 964 3430 (domiti
980 3363 1120 3431 Nicolao
1144 3363 1345 3431 confirmare.
1366 3365 1513 3432 Nostan-

389 3488 486 3550 quam
514 3469 658 3555 Judicem
690 3475 724 3539 in
758 3479 823 3538 toto
854 3471 1020 3556 predictus
1053 3469 1167 3539 Comes
1183 3473 1350 3558 Nycolaus
1381 3475 1511 3559 placare
1560 3523 1561 3548 2

389 3577 574 3663 assumpsit.
592 3578 662 3644 Nec
678 3578 738 3643 hoc
754 3578 1018 3663 pretermittimus
1030 3601 1037 3662 ς
1050 3577 1175 3662 quodsi
1193 3599 1274 3662 quas
1290 3578 1418 3646 litteras
1429 3581 1510 3646 ide'm

390 3682 505 3750 Comes
523 3684 634 3751 Bacha
650 3706 747 3772 super
762 3687 823 3752 hoc
848 3686 936 3754 iacto
963 3687 996 3752 in
1021 3685 1170 3753 fraudem
1194 3695 1395 3775 reseruaret,
1422 3707 1510 3754 casse

389 3796 455 3858 sint
470 3792 600 3877 penitus
618 3799 649 3858 et
664 3794 787 3860 inanes.
813 3795 934 3861 Datum
951 3794 1043 3860 Bude
1059 3793 1141 3860 feria
1158 3796 1257 3862 tercia
1272 3797 1423 3882 proxima
1436 3802 1509 3862 ante
1560 3803 1561 3808 ’

391 3897 509 3966 festum
525 3899 735 3968 Asceusionis
752 3901 882 3968 Domini
900 3921 988 3968 anno
1005 3901 1149 3970 eiusdem
1165 3900 1296 3968 M⁰COO
1304 3916 1322 3967 ⁰.

496 4009 653 4075 Kivltl:
686 4011 749 4075 Pro
765 4011 890 4077 Gemite
917 4010 1052 4078 Nicolao
1078 4010 1179 4078 fratre
1202 4013 1304 4096 Batyz
1332 4017 1439 4080 contra
1454 4008 1509 4075 Co

389 4116 497 4183 mitem
514 4103 659 4185 Baoham
676 4117 776 4184 lilium
792 4118 898 4186 Mark.

388 4313 528 4382 (Eredetie
539 4313 716 4384 bdrbdrtydn.
737 4313 905 4385 aadrpecsdt
918 4317 1066 4384 elreszett3
1087 4335 1103 4371 s
1123 4318 1205 4372 budul
1227 4319 1280 4371 kir.
1295 4319 1418 4372 kamarai
1428 4310 1504 4370 levdl·

893 4404 1013 4476 terbum)

817 4600 1030 4636 “W
