3180 5202
857 1019 933 1088 301.

322 1215 836 1300 Akeresatesekbudo-felheuct'zi
851 1217 1047 1284 maeataek
1063 1221 1215 1305 jeleute'se
1250 1221 1311 1286 III.
1342 1219 1461 1286 Eudre

321 1326 505 1412 kirdlyhoz,
520 1325 603 1410 doqy
620 1347 640 1388 a
659 1323 768 1410 Zoycir
784 1333 865 1388 nevo
871 1323 953 1410 feld
967 1327 1060 1390 ira'at
1087 1327 1311 1414 vtaqtttatoat·
1326 1349 1367 1392 rut
1362 1328 1458 1392 'uolt

691 1433 883 1516 eredmenye.
902 1412 1238 1524 mmm
1251 1421 1363 1523 ‘3ss
1380 1393 1515 1525 υἱὲ,
1543 1470 1547 1478 ·

428 1625 706 1693 Excellentissimo
723 1625 855 1693 dommo
867 1645 925 1694 suo
942 1627 1072 1693 Andrce
1088 1628 1149 1695 Dei
1181 1630 1295 1712 gracia
1326 1628 1454 1696 Illustri
1550 1709 1551 1712 Ἴ

319 1735 403 1818 Regi
421 1731 563 1815 Vngario
579 1733 679 1798 irater
695 1731 734 1797 G.
751 1734 844 1800 Prior
873 1739 1026 1819 totusque
1057 1726 1241 1802 Conueutus
1275 1736 1458 1803 Cruciiero-

321 1863 390 1909 rum
408 1841 449 1908 de
468 1840 591 1907 calidis
606 1839 712 1924 Aquis
727 1840 915 1906 oracionum
942 1841 1100 1925 suffragia
1131 1842 1325 1908 debitarum.
1357 1845 1458 1908 Rece-

320 1949 430 2034 pimus
446 1949 573 2014 litteras
588 1947 702 2014 Vestre
718 1947 911 2014 Serenitatis
929 1949 1049 2014 honore
1065 1967 1129 2031 quo
1145 1946 1264 2032 decuit,
1289 1949 1376 2015 hunc
1406 1957 1457 2014 te-

320 2075 433 2123 norem
450 2056 674 2121 continentes:

426 2161 578 2228 Andreas
594 2162 635 2226 D.
653 2180 701 2244 gr.
718 2161 789 2226 Rex
806 2162 948 2247 Vugarie
974 2163 1036 2229 stb.
1068 2162 1175 2229 Priori
1204 2167 1237 2227 et
1268 2161 1453 2228 Conuentui

321 2266 559 2335 Gruoiierorum
574 2267 616 2333 de
632 2265 756 2334 Calidis
772 2269 873 2351 Aquis
890 2269 951 2336 stb.
968 2267 1181 2356 (tovetkezttr
1196 2269 1253 2336 Ill.
1268 2269 1381 2335 Eudre
1405 2268 1455 2333 ki-

320 2375 464 2462 ralynak
479 2393 651 2461 pannosa,
668 2375 748 2441 mini
765 2375 898 2442 fentcbb
914 2379 990 2445 280.
1006 2395 1049 2443 sn
1064 2374 1112 2463 a.)

427 2479 496 2548 Nos
513 2481 612 2566 igitur
630 2481 783 2548 mandato
799 2482 911 2550 Vestro
926 2483 1120 2550 Serenitatis
1135 2481 1268 2550 obedire
1278 2481 1454 2565 cupientes

321 2595 357 2655 ut
371 2593 527 2673 tenemur,
544 2608 618 2655 oum
634 2587 722 2654 dicto
739 2588 869 2656 homine
884 2595 994 2658 restro
1010 2591 1202 2674 Magistrum
1233 2587 1452 2656 Laurencium

320 2693 471 2762 clericum
487 2693 576 2761 chori
592 2695 692 2760 nostri
710 2693 871 2761 homiuem
887 2703 1033 2762 nostrum
1050 2695 1197 2764 misimus
1213 2697 1256 2762 ad
1287 2695 1451 2780 premissa

319 2800 544 2887 exsequenda3
562 2801 617 2885 qui
634 2801 764 2886 quidem
780 2801 874 2871 homo
890 2809 1000 2870 vester
1016 2801 1222 2888 postmodum
1238 2801 1281 2867 ad
1306 2820 1368 2868 nos
1401 2822 1450 2869 re

212 2921 214 2928 ’
318 2929 442 2998 uersus,
457 2918 609 2997 presente
623 2917 733 2980 nostro
750 2911 946 2999 testimonio,
962 2912 1056 2978 nobis
1081 2911 1183 2978 dixit:
1198 2910 1286 2993 quod
1301 2910 1336 2976 in
1366 2907 1450 2976 sesto
1550 2951 1551 2958 κ

319 3019 532 3086 Ascensionis
547 3019 678 3086 Domini
695 3019 760 3086 iam
781 3020 894 3104 elapso
910 3019 1126 3087 accessissent
1139 3018 1185 3086 ad
1211 3018 1330 3084 faciem
1362 3016 1451 3082 dicte

320 3133 406 3192 terre
423 3125 629 3192 contensiose
645 3125 756 3210 Zaych
773 3133 897 3212 vocate,
915 3127 1069 3212 contigue
1084 3126 1262 3193 immediate
1279 3133 1364 3192 terre
1388 3126 1450 3190 To·
1550 3161 1551 3164 =

316 3253 395 3322 xun,
412 3241 446 3300 ut
461 3229 622 3318 dixerunt,
640 3240 672 3299 ct
687 3233 842 3300 Nicotaus
858 3233 945 3300 iilius
961 3233 990 3298 N
994 3233 1102 3318 icclay
1119 3233 1160 3300 de
1178 3233 1337 3318 Nywegh,
1368 3231 1446 3297 vici-

229 3389 231 3392 ·
318 3360 379 3408 nus
395 3347 427 3407 et
443 3345 682 3406 commetaneus
698 3347 784 3406 terre
800 3340 1009 3407 contencione
1025 3339 1198 3426 antedicto,
1231 3339 1347 3405 Comes
1376 3338 1449 3404 Ku·
1550 3401 1551 3404 ,

317 3448 377 3531 lus,
392 3445 512 3511 Paulus
527 3445 699 3531 Barbatus,
711 3445 909 3532 Herbordus‚
921 3447 1034 3514 Comes
1045 3446 1196 3531 Haragus
1207 3446 1248 3512 de
1259 3445 1349 3512 iuxta
1359 3445 1450 3528 diag-
1550 3497 1551 3502 ,

318 3573 363 3618 na
373 3551 495 3639 Insula,
511 3552 691 3636 Dyonisius
708 3553 750 3619 dc
766 3553 868 3638 Byol;
885 3553 962 3620 item
975 3550 1167 3621 Benedictus
1193 3551 1255 3640 (et)
1268 3553 1449 3636 Gregorius

316 3659 376 3744 filij
393 3656 496 3743 Rada,
515 3657 627 3726 Comes
643 3659 784 3728 Thomas
799 3661 919 3747 Senex,
930 3660 1073 3726 Briccius
1084 3659 1245 3744 chada;
1260 3660 1368 3724 Dama
1384 3657 1449 3746 (et)

315 3767 482 3836 iohannes
491 3765 547 3852 fiiij
560 3767 652 3833 Bana
663 3789 672 3852 ;
682 3767 832 3835 Andreas
840 3773 873 3833 et
883 3767 1005 3835 Oltuda
1020 3767 1061 3834 de
1075 3767 1201 3854 Zodok,
1212 3767 1300 3834 ducti
1317 3786 1375 3851 per
1385 3767 1450 3835 Job
1550 3799 1551 3802 ¹

317 3881 351 3944 ct
366 3873 504 3942 Paulum
520 3874 692 3960 predictos,
710 3875 877 3954 dixissent,
892 3876 979 3960 quod
996 3894 1074 3961 sepe
1098 3875 1189 3942 dicta
1219 3883 1304 3940 terra
1335 3875 1450 3958 Zayoh

317 3982 360 4048 sit
375 3983 410 4049 in
427 3981 594 4050 vicinitate
610 3989 694 4048 terre
710 3985 834 4066 Toxun,
852 3989 886 4049 et
900 3983 998 4049 fucrit
1022 3979 1218 4049 hereditaria
1233 3987 1320 4047 terra
1335 3981 1401 4049 Job
1417 3991 1451 4050 ct

317 4087 411 4154 Pauli
426 4087 563 4155 filiorum
580 4089 684 4173 Rng
700 4087 937 4172 sepedictorum
959 4088 1110 4154 Preterea
1120 4087 1240 4154 Paulus
1250 4093 1282 4154 ct
1292 4087 1451 4154 Nicolaus
1552 4086 1557 4097 '

313 4195 468 4276 Comites,
486 4193 644 4260 officiales
662 4213 807 4260 sororum
826 4195 865 4260 de
881 4197 993 4262 Insula
1003 4195 1104 4260 Beate
1120 4194 1274 4280 Virginis,
1291 4193 1451 4261 adduxis·
1553 4210 1558 4219 ·

315 4313 390 4370 sent
405 4302 495 4369 Buaa
511 4301 654 4369 villicum
670 4301 712 4368 de
728 4301 818 4370 Villa
833 4302 946 4372 Sancti
962 4301 1111 4388 Dyonisi,
1128 4301 1184 4386 qui
1199 4309 1280 4386 ttam
1310 4321 1370 4390 pro
1401 4322 1449 4392 se,
1561 4296 1562 4299 ’

317 4429 414 4492 quam
429 4429 489 4496 pro
507 4409 636 4476 domino
652 4429 710 4478 suo
726 4409 882 4495 Magistro
900 4411 1041 4496 Georgio
1058 4429 1129 4475 cum
1154 4408 1266 4474 decem
1293 4411 1451 4478 conuilla-

317 4515 370 4583 nis
386 4519 472 4599 suis;
490 4519 566 4583 item
585 4517 729 4584 villicum
745 4517 787 4583 de
802 4515 882 4584 villa
899 4517 1014 4586 Zelevs
1031 4537 1103 4582 curm
1119 4517 1221 4584 tribus
1252 4517 1449 4587 convillanis
