3124 5194
922 919 998 987 lle.

402 1094 471 1159 ΙΙΙ.
490 1097 597 1160 Endre
612 1097 719 1182 lircily
737 1099 827 1182 Pul-p
849 1100 977 1164 Tainour
988 1123 1054 1186 meg
1076 1103 1168 1166 rr'r'sitc'
1183 1124 1204 1169 o
1218 1103 1337 1186 libyes
1348 1105 1382 1166 e'o
1396 1103 1467 1166 Re'ti
1481 1103 1520 1178 io·

765 1207 827 1270 vals
844 1205 1044 1274 lirtolrdbun.
1062 1208 1157 1270 1295.

500 1380 646 1448 Andreas
656 1381 716 1447 Dei
728 1381 840 1465 gracia
855 1381 1035 1464 Hnngeric,
1048 1380 1229 1468 Dalmacie,
1247 1379 1394 1462 Croacie,
1415 1383 1513 1465 Rama,

395 1485 517 1570 Seruie,
536 1487 682 1572 Gallicis,
700 1487 920 1568 Lodomerie,
947 1488 1114 1574 Cumanis,
1135 1488 1356 1570 Bulgarieqne
1370 1489 1441 1554 Rex
1456 1489 1514 1553 rni-

395 1596 497 1662 nersis
514 1591 634 1660 Obristi
656 1593 805 1660 fidelibus
822 1600 889 1660 tam
907 1593 1122 1680 presentibus,
1140 1614 1237 1676 qnam
1254 1591 1379 1677 futuris,
1395 1613 1512 1678 presen-

393 1703 477 1766 cium
494 1699 644 1766 noticiam
662 1699 832 1781 habituris,
849 1701 989 1765 salntem
1006 1701 1039 1765 in
1056 1719 1113 1781 eo,
1129 1701 1185 1782 qui
1209 1700 1353 1782 Regibus
1372 1698 1512 1766 datsaln·

388 1813 468 1872 tem.
487 1807 537 1872 ld
564 1807 788 1874 uniuersorum
813 1805 971 1872 noticiam
1003 1813 1114 1873 tenore
1141 1805 1347 1890 presencium
1373 1806 1509 1872 uolumus

393 1915 573 1998 peruenire,
590 1914 674 1997 quod
689 1913 845 1996 Magister
861 1914 1006 1981 'lbomas
1033 1914 1152 1979 nobilis
1168 1912 1209 1976 de
1226 1911 1299 1978 Pnk
1315 1913 1358 1978 cd
1375 1921 1509 1980 nostram

391 2019 549 2086 accedens
565 2022 767 2104 presenciam
793 2020 942 2086 exhibuit
958 2020 1052 2086 nobis
1077 2020 1207 2084 litteras
1225 2027 1353 2084 nostras
1373 2027 1508 2104 patentes

391 2143 489 2208 snper
515 2125 695 2194 collacione
713 2135 870 2193 terrarum
903 2127 1032 2208 llerges
1057 2135 1089 2192 et
1106 2128 1189 2210 ltety
1208 2133 1398 2192 necatarum
1414 2109 1509 2192 conlc-

388 2239 468 2318 ctas,
479 2239 622 2316 petonsa
638 2233 732 2298 nobis
748 2253 819 2298 cum
831 2233 1010 2318 instancia,
1021 2239 1054 2296 ut
1066 2253 1124 2298 rros
1141 2233 1231 2314 ipsas
1247 2232 1376 2298 litteras
1392 2241 1506 2298 nostras

388 2345 476 2404 ratus
488 2339 607 2405 babere
624 2347 656 2405 et
671 2345 777 2404 nostro
795 2339 1003 2420 dignaremur
1020 2338 1191 2422 priuilegio
1213 2338 1413 2404 confirmare.
1430 2339 1503 2416 Qua·

386 2465 456 2510 rum
474 2453 564 2510 tenor
580 2446 654 2511 talis
670 2452 719 2512 est
736 2469 742 2508 :

495 2552 562 2618 Nos
579 2553 727 2617 Andreas
743 2552 805 2614 Dci
820 2549 932 2632 gracia
957 2552 1027 2614 Rex
1053 2547 1196 2630 Vngarie
1213 2551 1275 2616 stb.
1298 2547 1500 2636 (kbvetkenik

386 2657 442 2722 Ill.
459 2655 566 2722 Endrc
591 2656 771 2742 kirtlynak
801 2657 937 2724 teet-tri
964 2656 1255 2738 adomtnylercle,
1284 2657 1368 2722 mint
1385 2659 1500 2724 fentebb

387 2767 441 2832 25.
456 2784 500 2830 sc.
519 2761 562 2848 a.)

492 2872 559 2936 Nos
577 2872 675 2953 igitur
698 2870 912 2954 peticionibus
929 2868 1069 2952 predicti
1086 2867 1234 2950 Magistri
1252 2869 1377 2936 Thome
1394 2871 1499 2937 dePnlr

384 2977 607 3046 fauorabiliter
624 2978 791 3061 inclinati,
814 2977 893 3060 quia
909 2975 1111 3058 inspeximus
1129 2976 1218 3058 ipsas
1246 2977 1370 3043 litteras
1388 2987 1498 3046 nostras

382 3091 532 3171 patentes
556 3105 620 3151 non
647 3084 862 3162 cancellatas,
890 3104 953 3148 non
985 3081 1148 3165 abolitas,
1174 3103 1234 3149 nec
1259 3083 1293 3148 in
1320 3087 1431 3170 aliqua
1453 3088 1492 3154 sui

383 3199 475 3278 parte
491 3192 627 3258 viciatas
637 3244 646 3278 ,
673 3189 714 3258 dc
730 3193 827 3257 verbo
844 3191 886 3257 ad
911 3193 1043 3256 verbum
1071 3189 1276 3274 presentibus
1302 3192 1438 3260 insertas
1453 3215 1495 3278 ap

383 3298 549 3381 probando
574 3299 818 3381 confirmamus,
835 3296 997 3382 dupplicis
1026 3295 1125 3380 sigilli
1146 3300 1246 3363 nostri
1267 3301 1441 3367 munimine
1455 3321 1494 3367 ro·

382 3407 545 3472 borantes.
564 3407 682 3470 Datum
709 3425 767 3490 per
792 3425 906 3470 manus
932 3402 1129 3470 venerabilis
1146 3406 1250 3488 patris
1267 3407 1430 3474 Theodori
1446 3409 1494 3474 Dei

379 3510 494 3592 gracia
508 3511 660 3596 Episcopi
678 3513 869 3593 lauriensis,
888 3511 963 3577 anle
980 3515 1090 3577 nostre
1106 3511 1402 3599 Vico-Cancellarij
1428 3513 1492 3582 dile·

381 3617 423 3680 cti
441 3625 472 3683 et
489 3617 592 3684 fidelis
610 3621 709 3685 nostri
726 3641 812 3686 anno
829 3619 958 3684 Domini
976 3623 1168 3691 millessimo
1195 3627 1435 3694 ducentessimo
1450 3646 1491 3692 no·

379 3723 548 3804 nagesimo
564 3727 674 3807 quinto
685 3727 786 3792 XVll.
803 3726 962 3793 kalendas
982 3730 1195 3818 Septembris,
1213 3733 1319 3816 Regni
1336 3741 1490 3800 autemno-

379 3828 438 3894 stri
455 3848 540 3895 anno
556 3837 657 3896 sexto.

377 4025 513 4088 (Ercdetie
527 4025 700 4092 bbrlrcirtyriu,
715 4044 731 4078 a
745 4026 834 4095 kiraily
850 3997 935 4097 stlggii
947 4033 1066 4098 pemetje
1077 4035 1164 4100 alatt;
1178 4039 1312 4101 aszopcsi
1324 4033 1450 4102 kriptalon
1460 4037 1488 4084 lo-

673 4115 841 4170 velttrtben
852 4121 929 4172 Kttali
943 4121 1066 4175 Horvltb
1081 4122 1203 4190 Mihaly.)

838 4403 1041 4414 Ἠῶ--
