3146 5192
895 987 975 1058 248.

375 1185 442 1254 III.
470 1187 582 1254 Endre
609 1185 972 1272 dttrjaruput1290-ki
995 1187 1313 1274 cumprivilcpiumdt
1338 1211 1374 1253 uz
1398 1199 1486 1252 erzter·

664 1296 756 1380 pomi
771 1294 930 1380 ddpwion
945 1299 1104 1360 czdmdru.
1121 1296 1219 1362 1300.

479 1487 625 1556 Andreas
643 1489 702 1555 Dei
713 1491 827 1574 gracia
842 1489 1021 1574 Hungario,
1030 1488 1212 1573 Dalmatio,
1231 1488 1379 1572 Oroacie,
1392 1490 1487 1568 Ramc,
1542 1544 1543 1547 ,

372 1595 495 1683 Sernie,
514 1597 663 1682 Gallicie,
677 1595 879 1682 Lodomeric,
907 1593 1075 1676 Cumania,
1104 1594 1317 1678 Bulgaricquc
1340 1596 1410 1661 Rex
1432 1615 1488 1661 om·

374 1705 470 1769 nibus
487 1702 607 1768 Christi
634 1703 786 1770 fidelibus
803 1703 943 1770 salutem
958 1703 992 1768 in
1009 1702 1149 1770 Domino
1180 1704 1420 1786 sempiternam.
1446 1702 1489 1767 An

372 1811 598 1877 uniuersorum
609 1810 772 1894 noticiam,
783 1818 850 1876 tam
861 1810 1078 1898 presencium,
1085 1829 1182 1892 qoam
1192 1808 1373 1878 futurorum
1389 1810 1490 1876 harum

373 1919 458 1985 serie
473 1917 623 1984 uolumus
639 1917 809 2003 peruenire
822 1941 830 2002 ;
846 1917 932 2000 quod
947 1916 1081 1984 discreti
1098 1917 1170 2002 riri,
1187 1917 1333 1984 Thomas
1348 1916 1489 1982 videlieet

371 2021 576 2107 Propositus,
608 2027 773 2106 totumque
807 2019 994 2108 Capitulum
1020 2021 1166 2088 Ecclesie
1191 2023 1425 2106 Strigoniensis
1453 2024 1488 2088 od

375 2137 484 2197 nostre
500 2127 714 2198 Oclsitudinis
726 2132 919 2197 accedentes
929 2131 1153 2222 presenciam,
1171 2130 1390 2198 exhibuerunt
1411 2132 1489 2197 uobis

373 2235 583 2322 priuilegium
602 2237 763 2322 ipsorum,
779 2256 875 2322 super
907 2238 994 2304 facto
1012 2237 1121 2321 telonij
1136 2289 1145 2320 ,
1163 2257 1221 2303 scu
1251 2238 1364 2304 tributi
1384 2237 1489 2319 Strigo-

373 2344 497 2411 niensis
514 2345 705 2428 contectum,
721 2353 754 2411 et
771 2345 1007 2430 quodpropter
1027 2351 1209 2428 presentem
1235 2342 1445 2427 discordiam,
1461 2347 1488 2408 iu

372 2469 436 2534 qun
451 2453 600 2536 Regnum
617 2452 786 2536 Hungarie
802 2473 861 2537 per
883 2452 1002 2517 iactum
1020 2450 1200 2516 infidelium
1216 2451 1384 2517 Baronum
1401 2451 1488 2516 inuoi·
1514 2445 1519 2462 '

372 2559 466 2644 uitur,
483 2559 517 2623 in
534 2557 866 2642 fluctuacicnibusque
893 2556 1038 2622 eiusdem
1054 2557 1159 2640 Regni
1184 2557 1324 2624 diuersis
1341 2557 1487 2623 turbatio-

371 2667 467 2731 nibus
482 2663 628 2731 Ecclcsie
644 2665 870 2749 percellentur,
883 2671 916 2728 et
932 2669 1064 2748 propter
1076 2664 1137 2729 hoc
1152 2663 1181 2729 si
1196 2684 1261 2728 non
1277 2664 1489 2750 impossibile,

370 2783 479 2839 tamen
495 2771 630 2840 difficile
648 2774 691 2838 sit
710 2771 895 2838 huiusmodi
912 2773 1131 2838 instrumenta
1141 2823 1150 2856 ,
1182 2793 1240 2838 scu
1272 2773 1443 2857 priuilegia
1456 2770 1490 2836 od

371 2879 555 2964 frequentes
576 2879 774 2966 questiones,
791 2899 853 2960 que
868 2879 1025 2946 aduersus
1041 2879 1225 2947 Ecclesiam
1241 2885 1490 2962 mouentur,tutc

372 2995 403 3053 ct
419 2989 488 3054 sinc
505 2987 653 3072 periculo
670 2987 835 3069 exiribori3
861 3005 921 3069 pro
938 3007 976 3053 eo
1003 2987 1102 3070 ijdcm
1122 2985 1306 3070 Propositus
1323 2993 1355 3050 et
1372 2983 1492 3070 Capitu-

371 3095 438 3159 lum
454 3093 548 3160 uobis
566 3093 731 3160 humiliter·
747 3094 957 3178 suplioarunt,
972 3099 1185 3177 petentesque
1209 3113 1229 3157 a
1245 3092 1343 3159 nobis
1361 3113 1431 3160 cum
1447 3093 1489 3156 in·

373 3201 508 3288 stancia,
526 3207 561 3266 ut
579 3201 621 3286 id,
640 3199 726 3284 quod
743 3200 783 3264 dc
799 3200 1000 3284 benignitate
1030 3202 1135 3283 Regia
1159 3199 1340 3286 processit,
1356 3207 1389 3265 et
1404 3199 1491 3284 priui-

372 3307 545 3392 legialibus
562 3307 678 3374 littoris
696 3308 918 3374 confirmatum
936 3308 1053 3392 extitit,
1071 3307 1113 3372 dc
1130 3306 1244 3374 eadem
1260 3313 1375 3372 nostra
1394 3305 1493 3388 benig·

374 3415 477 3479 nitate
492 3413 609 3498 Regia,
628 3413 671 3478 ad
687 3415 851 3479 cautelam
877 3415 1032 3480 maiorem
1051 3420 1083 3477 et
1102 3413 1247 3479 Ecclesie
1264 3417 1390 3481 statum
1405 3414 1491 3477 tucio·

371 3540 448 3606 rem,
465 3519 547 3586 iilud
562 3518 651 3586 idem
668 3519 876 3604 priuilegium
893 3520 1103 3605 dignaremur
1121 3520 1298 3604 duplicare.
1318 3521 1419 3586 Cuius
1434 3519 1492 3601 qui·

372 3626 443 3693 dem
467 3627 629 3713 priuilegij
647 3634 739 3694 tenor
755 3629 831 3694 talis
849 3635 923 3694 cst:

480 3734 628 3802 Andreas
638 3737 680 3800 Ι).
690 3755 738 3818 gr.
749 3736 984 3820 Hungaricstb.
996 3738 1066 3802 Rex
1077 3738 1139 3802 stb.
1152 3733 1371 3822 (kbvctkezik
1381 3734 1493 3801 mnn-

372 3841 428 3908 drc
438 3841 617 3926 kirtlynak
631 3843 742 3908 lton-i
753 3843 1066 3929 vampriviicgiuma,
1073 3845 1155 3910 mint
1163 3843 1220 3928 nej
1226 3845 1317 3910 tunel
1327 3841 1493 3925 GodDipl.

371 3949 425 4014 VI.
443 3950 476 4017 k.
493 3949 514 4015 l.
530 3970 555 4013 r.
573 3951 649 4017 344.
667 3947 710 4032 l.;
728 3949 764 4014 ki
775 3953 922 4017 auonban
934 3958 986 4016 azt
997 3949 1137 4018 hibasan
1148 3971 1187 4017 au
1201 3949 1299 4018 1295.
1311 3945 1495 4030 evrctcszi.)

479 4053 547 4120 Nos
579 4053 689 4135 itaque
722 4055 765 4120 ad
799 4056 993 4150 instanciam
1029 4065 1062 4123 et
1095 4057 1293 4141 peticionem
1324 4057 1495 4141 legitimam

371 4167 404 4224 ct
429 4159 623 4244 condignam
657 4160 798 4227 uirorum
832 4161 1044 4231 discretorum
1075 4171 1255 4230 nostrorum
1288 4161 1431 4230 fidelium
1467 4167 1497 4224 ct

371 4265 644 4350 predilectorum,
673 4266 798 4334 Thomu
826 4269 979 4337 videlicet
1004 4271 1167 4357 Propositi
1192 4277 1224 4336 et
1241 4269 1387 4357 Capituli
1403 4269 1495 4356 prei-

371 4375 486 4458 torum,
513 4373 742 4442 fauorabiliter
767 4377 936 4456 inclinati3
967 4381 1074 4464 ipsum
1100 4379 1314 4466 priuilegium
1331 4381 1495 4447 nonabra·

372 4495 454 4551 sum,
477 4497 542 4544 non
558 4480 787 4570 cancellatum,
807 4504 867 4550 nec
883 4485 1048 4572 abolitum,
1069 4507 1130 4554 nco
1146 4488 1313 4570 uiciatum,
1326 4508 1391 4574 nec,
1402 4485 1494 4552 inali-

371 4599 436 4660 qua
446 4582 496 4647 sui
506 4591 599 4669 parte
613 4586 817 4677 diminutum,
829 4589 870 4659 dc
879 4594 979 4660 uerbo
996 4594 1037 4661 ad
1050 4596 1186 4663 uerbum
1202 4595 1342 4663 rescribi
1356 4591 1496 4662 faciendo
