3180 5202
677 365 837 462 *cs—r-

712 1018 788 1087 298.

175 1217 215 1285 Α
230 1219 365 1284 cameri
381 1215 603 1302 kcptatanoal
618 1214 881 1303 bizonpscpleode
892 1243 929 1284 cc
945 1221 1036 1286 Eheu
1054 1223 1122 1305 fiai
1152 1225 1183 1288 c'c
1215 1222 1318 1286 Keled

229 1327 314 1393 kuni
327 1326 444 1412 pcroelc
460 1324 628 1390 cdlaeziott
643 1323 735 1390 blo-cl
750 1327 845 1391 ditali
860 1327 1052 1394 diccldce'rcl.
1069 1307 1119 1392 Ic⁴c
1137 1329 1265 1394 actarde

296 1519 366 1586 Nos
382 1517 569 1606 Capitulum
585 1519 729 1588 Eccleeie
746 1521 859 1588 Sancti
869 1521 1039 1588 Michaelis
1056 1521 1097 1590 de
1114 1523 1228 1590 Castro
1245 1525 1308 1588 Fer

194 1645 249 1692 reo
267 1621 354 1713 (per)
369 1632 537 1710 presentes
554 1627 683 1694 litteras
699 1627 814 1696 damus
831 1647 888 1713 pro
897 1629 1066 1716 memoria,
1083 1629 1168 1712 quod
1185 1649 1258 1696 cum
1274 1649 1321 1696 se·

195 1732 335 1799 cundum
351 1738 494 1799 tenorem
509 1733 691 1800 litterarum
707 1732 811 1800 incliti
829 1733 950 1801 domini
965 1735 1064 1820 Regis
1081 1735 1115 1802 in
1147 1735 1323 1820 quindenis

182 1840 298 1907 Sancti
313 1839 543 1907 MartiniDees
554 1837 671 1906 (lomes
683 1839 724 1908 de
739 1841 882 1907 Hermon
899 1848 931 1907 et
941 1839 1091 1909 Andreas
1108 1841 1195 1909 filius
1211 1842 1319 1908 Ende-

185 1965 222 2013 re
238 1955 270 2013 et
286 1948 384 2014 ceteri
399 1948 432 2014 in
464 1946 600 2015 hiisdem
617 1947 734 2016 litteris
751 1947 794 2015 ad
819 1949 991 2016 arbitrium
1008 1948 1193 2015 faciendum
1222 1950 1322 2034 depu-

139 2069 145 2081 ‘
186 2055 248 2122 lati
264 2055 348 2122 inter
363 2054 448 2122 filios
466 2053 601 2123 Oomitis
619 2055 710 2124 Ebed
726 2076 764 2122 ao
780 2056 865 2122 inter
896 2055 999 2123 filium
1029 2057 1134 2125 Keled
1166 2057 1317 2122 arbitrari

176 2161 374 2230 debuissent
391 2181 499 2233 eoram
516 2162 617 2248 nobis,
634 2164 830 2232 adueniente
847 2165 982 2231 termino
999 2163 1145 2250 partibus
1177 2161 1315 2230 uolenti·

184 2269 245 2335 bus
262 2267 378 2334 arbitri
395 2269 566 2356 prescripti
582 2267 681 2336 talem
698 2270 967 2355 composicionem
984 2270 1130 2338 fecerunt
1146 2271 1230 2335 inter
1245 2287 1316 2355 par·
1401 2339 1403 2347 ,

176 2382 253 2442 tes:
270 2374 358 2460 quod
375 2373 479 2442 dictus
496 2373 600 2442 Koled
628 2375 735 2444 soluat
766 2375 883 2461 viginti
915 2383 1054 2459 quatuor
1085 2395 1212 2443 marcas
1242 2375 1319 2459 filijs

177 2480 320 2549 domitis
338 2481 429 2548 Ebed
445 2482 478 2546 in
509 2481 655 2552 terminis
687 2481 934 2569 subsequendis,
967 2485 1014 2550 ita
1046 2483 1210 2570 uidelicet,
1228 2483 1314 2568 quod

182 2585 353 2658 duodecim
370 2609 498 2656 marcas
516 2589 623 2656 soluat
639 2589 673 2654 in
684 2592 810 2656 octanis
822 2589 1080 2676 Epiphaniamm
1092 2589 1232 2675 Domini,
1243 2608 1318 2676 par·

178 2695 241 2762 tim
251 2695 285 2764 in
305 2695 452 2781 denarijs
462 2697 712 2784 Viennensibus,
733 2697 854 2783 partim
874 2699 906 2764 in
923 2699 1134 2765 estimacionc
1152 2697 1317 2781 condigna

182 2803 323 2888 singulis
334 2802 447 2870 decem
457 2801 567 2891 pensis
587 2825 645 2890 pro
665 2805 807 2888 singulis
823 2805 943 2872 marcis
960 2805 1187 2890 persoluendis
1209 2822 1317 2869 coram

183 2911 321 2996 nobis,et
331 2909 359 2978 si
368 2913 475 2996 ipsum
486 2913 657 2978 terminum
667 2911 899 2980 crastinauerit
909 2910 944 2976 in
955 2910 1123 2996 soluendo,
1136 2909 1234 2994 duplo
1245 2911 1319 2976 sub·

182 3015 411 3104 iacebit3itcm
421 3016 571 3085 similiter
581 3017 752 3085 duodecim
762 3036 887 3084 marcas
896 3015 1004 3085 soluat
1015 3016 1111 3084 modo
1122 3013 1269 3100 predicto
1279 3018 1313 3080 in

175 3125 306 3194 octaris
318 3124 476 3210 Cinctum,
489 3123 671 3192 amittendo
682 3123 871 3208 peccuniam
882 3125 971 3210 prius
982 3122 1193 3208 persolutam,
1205 3122 1233 3188 si
1243 3126 1319 3188 tunc

181 3233 354 3316 negligens
366 3231 510 3300 extiterit
519 3233 553 3297 in
564 3231 731 3318 soluendo,
740 3239 773 3297 et
782 3232 915 3318 insuper
925 3231 1022 3317 duplo
1033 3228 1261 3312 subiacebit3ct
1271 3230 1319 3296 sie

82 3405 85 3410 .
179 3359 294 3407 omnes
310 3360 462 3407 rancores
479 3347 511 3406 et
528 3339 723 3425 questiones,
740 3359 803 3422 que
819 3347 952 3407 actenus
968 3341 1053 3406 inter
1079 3345 1188 3424 partes
1219 3357 1319 3406 emer·

182 3433 302 3533 serant,
315 3448 499 3516 uolentibus
516 3447 666 3540 partibus
684 3449 940 3534 conquieuorunt
955 3456 987 3514 et
1004 3448 1133 3534 penitus
1143 3445 1320 3515 suntanul-

181 3555 258 3622 late.
275 3553 345 3623 Nec
362 3556 424 3624 hoc
440 3557 717 3643 pretermittimus,
735 3555 821 3638 quod
837 3555 872 3621 in
890 3555 943 3621 die
959 3555 1067 3624 medie
1099 3554 1221 3622 XL-me
1251 3553 1316 3620 dic·

180 3667 233 3727 tus
248 3662 352 3729 Keled
368 3668 532 3730 construet
549 3659 679 3730 domum
703 3684 801 3750 super
827 3683 956 3730 carcerc
988 3662 1100 3729 Fetrei
1132 3659 1252 3749 Casiri,
1286 3668 1317 3726 ct

178 3770 253 3836 loco
269 3772 411 3838 carceris
428 3770 492 3855 ipsi
510 3770 621 3838 domni
638 3771 752 3838 eodem
771 3771 824 3836 die
840 3771 955 3854 viginti
982 3770 1123 3852 quinque
1154 3768 1316 3835 nobilibus

181 3877 362 3946 includetur
379 3877 465 3944 diem
475 3884 508 3944 et
518 3883 646 3946 noctem
662 3878 785 3944 durans
802 3878 836 3942 in
853 3877 969 3944 eadem
980 3901 987 3952 ς
1000 3874 1134 3962 posthec
1150 3880 1258 3942 aulem
1275 3874 1317 3940 ab

176 3984 253 4071 ipso
270 3983 324 4052 die
339 3985 554 4071 computando
571 4004 630 4072 per
646 4005 681 4051 se
697 3985 783 4051 idem
799 3983 906 4054 Keled
922 3983 1039 4067 viginti
1070 3983 1211 4066 quinque
1242 3980 1314 4047 dies

182 4090 313 4158 durabit
328 4093 363 4158 in
378 4093 452 4180 ipra
468 4092 583 4176 domo;
601 4099 633 4158 et
650 4091 678 4160 si
695 4097 771 4158 ante
787 4091 873 4158 diem
888 4091 1047 4176 prefixum
1075 4089 1180 4157 dictus
1196 4086 1313 4170 Keled,

181 4199 296 4266 nolens
313 4199 387 4266 huic
403 4199 631 4286 composicioni
648 4219 773 4284 parere,
791 4205 883 4264 extra
900 4197 1030 4264 domum
1046 4197 1201 4264 inuentus
1219 4195 1316 4262 fuerit

179 4313 214 4374 et
230 4307 291 4374 hoc
306 4307 399 4376 nobis
414 4306 597 4392 constabit,
613 4307 728 4394 perdet
745 4326 856 4374 omnes
871 4323 1001 4374 marcas
1015 4303 1105 4392 prius
1122 4303 1315 4391 persolutae,

91 4437 94 4442 ·
179 4421 213 4481 et
228 4414 287 4500 filij
306 4415 397 4483 Ebed
413 4433 490 4482 suas
506 4434 622 4484 causas
638 4435 659 4482 a
674 4415 835 4503 principio
851 4420 988 4501 possunt
998 4411 1163 4498 inchoare,
1173 4410 1313 4478 iudicem

151 4533 155 4540 '
177 4527 293 4591 aduno
309 4529 341 4590 et
357 4521 550 4610 pristaldum
567 4523 601 4588 in
619 4523 744 4591 duabus
760 4522 910 4609 partibus
926 4520 1042 4610 Keled,
1059 4519 1093 4586 in
1109 4519 1214 4586 tercia
1238 4537 1313 4586 vero
1337 4601 1339 4606 ι

179 4635 276 4716 parte
291 4630 349 4718 filij
367 4630 501 4700 Comitis
516 4629 607 4700 Ebed
617 4629 650 4698 in
661 4628 746 4698 festo
756 4625 963 4697 Ascensionis
978 4626 1120 4708 Domini,
1131 4646 1193 4710 quo
1204 4643 1315 4692 coram
