3132 5192
567 373 725 476 Αι-

69 563 212 629 Domino
227 563 467 650 sempiternam.
483 565 535 634 Ad
561 569 785 636 uniuersorum
810 569 964 638 noticiam
989 577 1101 640 tenore
1129 590 1202 659 pre·

69 671 217 738 sencium
234 674 382 740 volumus
398 675 580 758 peruenire,
607 674 692 760 qnod
716 677 832 744 Petrus
856 677 941 744 lilius
965 677 1138 764 Seraphini
1162 681 1203 748 de

69 775 258 847 Okeliehua
273 781 315 848 de
339 781 447 868 Lypto
471 781 514 847 ad
539 789 683 850 nostram
710 783 924 868 personaliter
949 785 1109 856 accedens
1134 809 1204 874 pre-

67 889 217 956 senciam
231 889 333 976 peciit
354 909 414 956 nos
429 910 501 956 eum
518 889 692 976 instancia,
709 898 743 958 rt
759 899 902 960 nostrum
931 893 1129 962 mitteremus
1147 893 1203 960 bo=

67 995 202 1078 minem,
219 1015 330 1063 eoram
347 1017 410 1080 quo
427 1005 531 1066 metas
558 1005 642 1064 terre
667 1017 736 1082 sue,
763 998 843 1067 ville
868 999 994 1070 seilicet
1019 1002 1201 1070 Chermona

66 1111 186 1172 vocate
205 1106 236 1173 in
255 1107 360 1191 Lyptc
377 1106 555 1193 existentis,
572 1127 669 1191 qnam
685 1127 726 1174 ex
742 1107 919 1176 collacione
935 1107 1057 1176 demini
1083 1109 1205 1178 Ladin-

66 1213 111 1280 lai
127 1213 273 1280 illustris
290 1213 388 1298 Regis
404 1214 574 1298 Huugarie
589 1214 699 1282 fratris
716 1217 818 1284 nostri
850 1216 1016 1284 karissimi
1045 1221 1200 1304 patruelis

69 1322 151 1386 bene
184 1323 341 1390 memorie
371 1320 574 1406 dignoscitur
600 1321 776 1409 possidere,
813 1323 913 1391 vellet
939 1343 1108 1392 renouare.
1134 1325 1203 1391 Nos

67 1429 169 1512 igitur
197 1430 293 1497 iustis
308 1438 341 1497 et
367 1429 539 1514 legittimis
564 1430 781 1517 peticionibus
807 1431 952 1500 eiusdem
978 1431 1201 1500 fauorabiliter

67 1535 220 1603 inclinati
238 1536 387 1605 fidelibus
403 1537 523 1605 uostris
538 1536 708 1624 Proposito
724 1546 756 1604 ct
771 1537 954 1606 Conuentui
985 1539 1028 1606 de
1044 1537 1195 1606 Thurueb

55 1643 217 1711 dedimus
249 1645 368 1712 uostris
391 1645 506 1713 litteris
533 1645 566 1712 in
592 1644 775 1734 mandatis,
803 1653 839 1713 rt
864 1645 1025 1714 mitterent
1055 1664 1096 1712 ex
1112 1645 1196 1732 ipsis

69 1771 165 1817 vnum
183 1749 289 1818 uirum
323 1750 472 1819 idoneum
490 1773 547 1839 pro
565 1751 751 1819 testimonio
777 1751 985 1838 fidedignum,
1012 1772 1119 1819 eoram
1135 1773 1198 1836 qum

72 1857 189 1924 Comes
205 1857 375 1928 Jobannes
391 1859 478 1928 filius
494 1861 667 1928 Mossouaa
690 1859 843 1929 officialis
868 1861 908 1928 de
922 1861 1020 1948 Lipto
1047 1862 1197 1944 Magistri

72 1967 233 2052 Demetrij
252 1967 387 2035 Comitis
403 1967 444 2034 de
460 1968 573 2034 Zolum
593 1967 701 2034 dilecti
717 1973 749 2034 et
774 1966 879 2035 fidelis
895 1970 997 2035 nostri
1023 1967 1119 2035 bomo
1146 1989 1200 2034 oc·

66 2081 138 2158 ster,
157 2074 368 2159 presentibus
384 2075 534 2142 omnibus
551 2076 784 2142 commetaneis
800 2080 833 2142 et
857 2073 975 2142 vicinis
1000 2073 1087 2142 dicte
1112 2083 1198 2142 terre

70 2179 256 2248 Cbermona
270 2189 395 2269 vocate,
406 2183 543 2250 eandem
555 2183 781 2268 reambulet,et
791 2183 883 2249 iuxta
897 2188 1024 2250 veteres
1042 2190 1146 2249 metas
1162 2191 1194 2247 et

69 2287 219 2372 antiquas
236 2309 340 2356 nouas
357 2289 510 2374 erigendo
525 2293 682 2357 statueret
697 2289 794 2356 Petro
808 2287 981 2372 antedicto,
1007 2285 1035 2354 si
1052 2308 1115 2354 non
1143 2289 1195 2355 lie·

70 2403 115 2463 ret
131 2395 383 2484 contradictum,
410 2395 704 2465 contradictoribus
729 2391 956 2463 nichilominus
980 2395 1023 2462 ad
1049 2403 1193 2463 nostram

74 2507 279 2587 presenciam
305 2507 459 2574 euocatis.
487 2503 548 2582 out
576 2505 709 2588 quidem
735 2503 926 2590 Prepcsitus
953 2512 986 2570 ct
1010 2501 1197 2570 Conuentus

71 2612 199 2680 demum
218 2613 311 2680 nobis
328 2613 561 2698 rescripserunt
577 2612 609 2678 iu
626 2613 687 2680 beo
703 2615 820 2680 verba:
845 2609 936 2689 Quod
963 2611 1129 2678 misissent
1155 2631 1195 2676 ex

68 2717 145 2801 ipsis
162 2722 298 2789 fratrem
316 2721 463 2788 lllarium
479 2741 538 2806 pro
555 2719 740 2790 testimonio
773 2719 984 2807 fidedignum,
1000 2719 1054 2804 qui
1080 2727 1195 2803 postea

69 2847 135 2895 oum
153 2830 272 2898 eodem
288 2829 413 2896 Gemite
432 2828 584 2896 dobanne
601 2829 731 2896 bomine
747 2835 855 2896 uestro
871 2827 915 2895 ad
932 2828 1062 2896 eosdem
1072 2827 1195 2894 reuersi

68 2937 271 3005 concorditer
285 2937 480 3023 retulissent,
499 2935 584 3018 quod
600 2937 815 3003 accessissent
830 2933 873 3000 ad
889 2933 1006 3002 faeiem
1024 2941 1107 3001 terre
1123 2934 1194 3010 siue

74 3043 146 3112 uille
162 3051 352 3131 memorate,
369 3053 401 3111 et
418 3042 606 3111 conuocatis
622 3043 769 3112 omuibus
785 3043 1013 3110 commetaueis
1028 3048 1061 3108 et
1076 3039 1192 3108 ricinis

70 3151 208 3221 eandem
224 3153 493 3239 reambulasseut,
504 3153 595 3219 iuxta
611 3159 736 3219 veteres
755 3158 860 3218 metas
879 3157 912 3218 et
923 3149 1189 3232 antiquasnouas

76 3259 238 3343 erigendo,
249 3261 501 3344 statuissemque
510 3260 576 3347 ipsi
591 3259 686 3328 Petro
696 3259 766 3326 iure
782 3263 939 3344 perpetuo
950 3255 1192 3354 possidendam,

41 3358 44 3371 '
74 3367 155 3438 nulle
182 3369 313 3454 penitus
345 3365 585 3434 contradictore
610 3366 779 3434 existente.
805 3366 889 3432 Mete
913 3369 1023 3431 autem
1047 3361 1192 3430 ciusdem

70 3479 149 3541 terre
166 3493 226 3542 eeu
251 3475 341 3562 ville,
358 3481 455 3562 prout
479 3497 539 3544 nos
564 3476 597 3542 in
623 3475 742 3544 litteris
769 3471 945 3540 eorundem
970 3471 1129 3559 Prepesiti
1160 3475 1192 3536 et

70 3578 252 3652 conuentus
267 3584 397 3670 plenius
422 3585 563 3652 vidimus
588 3583 758 3669 contineri,
784 3583 845 3648 hoc
871 3581 985 3648 ordiue
1009 3578 1188 3664 distinguo·

71 3691 134 3754 tur:
149 3691 261 3758 Prima
277 3699 365 3760 meta
380 3691 494 3778 incipit
520 3692 552 3759 in
568 3692 666 3760 fluuio
681 3690 818 3758 Lubella
834 3696 950 3758 vocate
981 3689 1014 3754 in
1030 3687 1111 3770 loeo,
1135 3685 1190 3754 vbi

69 3796 197 3876 quidam
216 3798 340 3866 riuulus
355 3797 443 3866 eadit
458 3801 492 3866 in
508 3798 616 3885 ipsum
632 3797 775 3882 fluuium,
792 3815 851 3882 per
868 3815 962 3880 quem
978 3792 1110 3861 fluuium
1137 3812 1187 3858 as·

70 3903 170 3971 cendit
188 3903 232 3970 ad
248 3911 372 3990 partem
389 3905 582 3973 orientalem
600 3925 701 3990 usque
716 3903 760 3980 ad
777 3903 900 3970 iontem
916 3920 974 3970 seu
991 3907 1090 3985 caput
1106 3898 1187 3965 eius·

69 4005 131 4076 dem
147 4013 258 4096 riuuli,
290 4014 331 4080 ‹le
347 4035 409 4097 quo
425 4003 656 4100 eapito'teudit
672 4031 774 4097 usque
790 4031 832 4078 uu
849 4011 997 4078 arborem
1022 4009 1116 4086 emet,
1147 4003 1189 4071 de

68 4135 125 4198 qua
139 4122 257 4189 arbore
274 4121 366 4189 uadit
382 4141 482 4205 vsque
498 4121 542 4188 ad
559 4121 661 4188 aliam
677 4123 824 4187 arborem
842 4119 940 4205 ruffa,
971 4135 1072 4201 supra
1089 4134 1185 4198 quam

69 4223 162 4297 affixa
178 4234 229 4296 est
244 4247 323 4295 crux
339 4229 373 4295 in
389 4229 556 4296 cacumine
583 4230 718 4312 montis,
746 4227 865 4294 dehinc
890 4224 988 4292 currit
1013 4227 1045 4288 et
1069 4221 1186 4290 transit

72 4337 222 4404 modicam
238 4335 364 4422 siluam,
382 4337 532 4422 peruenit
547 4333 591 4405 ad
606 4355 702 4402 vnum
719 4333 850 4418 fontem,
866 4331 907 4396 de
933 4351 996 4413 quo
1022 4329 1127 4397 flectit
1151 4349 1188 4396 se

69 4441 104 4508 od
131 4443 301 4512 meridiem
315 4465 417 4529 reque
432 4445 475 4511 ad
492 4465 589 4513 unam
605 4443 752 4512 arborem
777 4442 900 4524 amerb
930 4459 993 4523 que
1018 4457 1116 4524 super
1143 4458 1179 4504 se

67 4553 197 4622 continet
214 4573 352 4640 crucem,
368 4553 575 4622 ascendendo
592 4561 665 4639 post
681 4551 740 4619 bec
756 4549 865 4618 adbuc
890 4567 993 4632 reque
1018 4544 1060 4614 ad
1075 4583 1119 4596 --
1139 4589 1176 4598 —

70 4693 104 4708 ν·-
119 4660 288 4732 meridiem
316 4679 428 4732 versus
453 4659 621 4731 deseendit
646 4660 679 4728 in
695 4657 857 4742 quoddam
883 4659 1035 4742 arcebar,
1066 4653 1185 4722 abbine
