3146 5192
541 433 702 531 „3145-

51 606 169 694 flebilis
183 625 316 711 Mykod
331 628 452 710 Renes,
470 626 582 694 iaoens
599 627 633 692 in
651 625 736 692 leoto
753 623 964 709 egritudinis,
982 624 1081 690 misso
1097 641 1177 688 nuu-

75 735 102 801 ‘o
117 753 176 800 suo
191 754 254 802 nos
274 736 416 822 rogauit,
435 741 471 802 vt
486 733 627 820 aliquem
645 733 699 798 uel
725 732 854 815 aliquos
871 750 915 797 ex
930 731 1025 799 nobis
1040 733 1185 798 mittere-

67 859 140 927 eus,
157 858 274 908 eoram
292 843 409 928 quibus
422 863 518 911 suum
539 839 695 908 uenderet
720 845 961 906 testamentum.
991 839 1060 905 Nos
1086 838 1185 920 igitur

52 948 142 1014 ustis
156 947 383 1031 peticionibus
400 949 471 1016 eius
495 947 654 1034 inelimati,
680 949 851 1015 discretum
876 946 980 1025 virum
995 943 1185 1027 Magistrum

56 1055 256 1140 Stephanum
273 1057 450 1142 Deeanum,
465 1057 587 1125 soeium
599 1063 632 1123 et
641 1055 896 1124 enneanonieum
912 1059 1066 1139 nostrum,
1078 1059 1111 1118 et
1120 1053 1187 1118 bia-

56 1163 184 1247 gistrum
201 1163 427 1248 Dominienm,
448 1164 617 1232 Notarium
637 1163 782 1231 lieolesie
806 1169 927 1247 nostre,
939 1159 1124 1228 euranimns
1141 1158 1185 1224 ed

58 1271 154 1356 ipsum
170 1268 355 1354 destinare,
372 1271 428 1354 qui
444 1271 651 1355 postmodum
668 1271 711 1338 ad
734 1291 795 1338 uos
810 1270 954 1352 reuersi,
986 1265 1081 1334 nobis
1097 1266 1186 1332 dixs-

57 1382 140 1440 runt:
157 1375 251 1458 quod
269 1377 357 1444 idem
372 1376 498 1462 Mykod
513 1379 637 1465 Barrus,
656 1396 732 1460 eger
748 1393 905 1462 corpore,
932 1373 991 1443 sed
1008 1381 1117 1441 mente
1133 1393 1186 1439 sa·

60 1501 112 1547 nus
121 1533 132 1568 ,
159 1502 275 1550 eorum
294 1483 396 1570 ipsis,
428 1490 587 1552 eteorum
612 1485 689 1571 alijs
704 1485 814 1571 probis
831 1484 930 1571 viris,
961 1482 1046 1549 inter
1062 1489 1189 1550 eeteros

44 1588 289 1674 ¹ordinauioueu
304 1611 391 1676 suas,
408 1593 475 1659 tale
491 1591 691 1660 condidisset
702 1600 735 1660 et
750 1591 934 1660 ordinasset
950 1597 1188 1658 testamentum.

61 1693 146 1772 Quod
162 1697 330 1779 quasdem
346 1698 570 1784 possessiones
580 1719 668 1784 suas,
681 1700 797 1768 Jeuew
813 1705 846 1764 et
862 1697 1028 1764 Chobolou
1043 1701 1196 1778 renatas„

60 1802 259 1887 inpartibus
291 1807 562 1892 Tnanssiluanis,
587 1807 621 1873 in
648 1805 812 1874 (lumitate
829 1805 970 1872 Dobolra
999 1804 1187 1886 existentes,

61 1929 125 1975 eum
142 1911 299 1980 omnibns
315 1913 511 1981 utilitatibus
538 1913 714 1982 earundem
740 1921 772 1980 et
788 1911 1002 2000 pertinenoijs
1012 1961 1023 1998 ,
1044 1911 1187 1996 legasset

63 2021 90 2081 et
102 2017 295 2101 reliquisset
311 2020 441 2088 domine
466 2021 651 2110 lllynabeth
667 2021 735 2090 tilie
764 2041 840 2107 sne,
872 2019 1011 2088 eonsorti
1027 2017 1188 2086 iohannis

62 2122 134 2190 dieti
149 2123 288 2213 Obente,
305 2133 338 2196 et
352 2148 411 2214 per
427 2149 499 2197 eam
516 2149 649 2198 enorum
665 2127 819 2197 heredum
844 2127 1099 2213 euenessoribns,
1120 2145 1189 2212 per-

65 2231 240 2318 bempniter
257 2233 485 2320 possidendas.
503 2237 542 2302 ln
560 2237 653 2304 euius
669 2235 715 2303 rei
731 2235 919 2303 memoriam
935 2241 1191 2321 perpetuamque

66 2338 255 2428 firmitatem,
273 2344 432 2412 suadente
447 2345 576 2414 institia
585 2397 594 2431 ,
609 2345 737 2432 prefate
751 2344 881 2412 domiue
898 2341 1100 2430 Elynabeth,
1123 2340 1190 2407 filie

67 2446 159 2531 ipsius
174 2449 306 2536 Myknd
320 2451 413 2538 Bani,
429 2461 598 2539 presentes
625 2452 844 2522 ooneessimus
862 2451 990 2520 litteras
1008 2448 1110 2534 sigilli
1134 2467 1190 2514 no·

69 2661 151 2743 gistri
164 2665 264 2734 Pauli
288 2669 437 2738 Lentonis
463 2669 618 2738 Euolesie
648 2677 778 2754 nostre,
808 2687 896 2736 anuo
920 2666 1055 2734 Domini
1071 2662 1192 2732 110(ἓοο

71 2773 276 2856 nonagesimo
293 2771 422 2846 oetaeo.
433 2777 595 2862 Magistro
605 2777 755 2847 iohanne
772 2775 921 2861 Centone,
935 2774 1096 2859 Magistro
1112 2773 1190 2840 tire-

73 2878 153 2960 gorio
168 2879 327 2970 (instode,
344 2883 511 2970 Stephano
537 2883 682 2972 Deuade,
699 2882 848 2971 Ninnium,
864 2879 1054 2968 Lnkaehyo,
1080 2885 1112 2946 et
1127 2881 1192 2946 An·

76 2983 147 3052 drea
169 2987 413 3076 sacerdotibus,
428 2991 551 3060 Jaenbo
567 2997 600 3060 et
614 2989 792 3060 Benedieto
816 2986 992 3074 Magistris,
1012 2985 1205 3069 ueterisque-

72 3089 235 3165 Guuouieis
252 3097 481 3168 existentibus.

80 3285 124 3350 (h
134 3297 190 3361 egri
203 3291 401 3364 kdptalanualr
412 3297 522 3349 tute-ki
533 3292 831 3366 turestbtl,·melynek
842 3294 971 3362 eredetije
980 3291 1067 3361 Ptpsi
1079 3286 1209 3359 Lajosnb

187 3387 258 3440 until.
271 3387 386 3455 'l'artoly
398 3388 493 3440 Esnter
506 3383 668 3440 birtolrdban
685 3401 748 3439 van.
762 3385 843 3438 Kitali
854 3385 941 3439 Srabd
961 3382 1086 3452 Klroly.)

518 3671 730 3684 ——t-Q
