3146 5192
881 341 1042 442 me„

396 529 575 618 Hospitalis
601 533 642 598 de
658 533 752 599 Noua
767 532 868 600 (iuria
882 555 982 622 super
997 537 1138 606 diuersis
1153 538 1368 624 dampnorum
1386 547 1419 602 et
1439 538 1514 603 inin·

398 642 518 707 riarum
535 642 682 709 articulis
699 650 879 726 emanatas,
890 647 1301 732 interseeomposieionem
1315 643 1517 710 amicabilem

397 749 617 838 eontinentes;
632 749 667 814 in
683 748 798 834 quibus
817 751 959 818 uidimus
975 752 1144 838 contineri,
1152 753 1243 836 quod
1259 753 1292 818 in
1308 753 1436 820 oetanis
1450 753 1521 837 ldpi-
1548 751 1554 759 '

398 857 519 942 phanie
535 859 668 924 Domini
683 858 904 924 mediantibus
921 859 1032 944 probis
1047 861 1146 945 virys,
1171 868 1323 945 presente
1341 861 1521 928 testimonio

397 973 517 1050 nostro,
533 987 632 1052 super
648 967 842 1052 quibusdam
870 970 1131 1052 possessionibus
1150 977 1181 1034 et
1214 970 1310 1036 terris
1327 969 1396 1036 suis
1414 970 1521 1037 debuit

400 1077 469 1140 lieri
485 1075 570 1141 inter
587 1095 642 1143 eos
669 1075 789 1142 diuisio
808 1076 841 1140 in
858 1074 1032 1143 eorundem
1049 1077 1288 1144 Oruoilerorum
1303 1077 1426 1144 litteris
1443 1097 1521 1143 eom-

400 1183 567 1268 prehensa.
586 1184 653 1250 Nos
664 1183 833 1268 siquidem,
851 1191 1041 1250 uttenemur
1058 1185 1171 1268 vigore
1187 1183 1314 1250 iusticie
1330 1186 1524 1268 requirente,

397 1291 541 1358 misimus
576 1311 617 1358 ex
642 1291 735 1363 nobis
756 1311 852 1358 vnum
880 1291 1093 1375 presbiterum
1124 1293 1273 1360 humilem
1305 1301 1339 1360 et
1355 1299 1522 1378 acceptum

397 1397 440 1464 ad
456 1397 646 1482 exequenda
662 1401 822 1484 premissa
838 1407 926 1466 eerto
944 1399 1068 1466 eeroins
1078 1400 1162 1466 inter
1177 1409 1306 1486 partes,
1325 1402 1380 1484 qni
1398 1397 1521 1466 demum

396 1505 439 1570 ad
455 1524 515 1572 nos
546 1505 696 1594 rediens,
721 1508 929 1592 presentibus
960 1507 1097 1592 bijsdem
1128 1511 1277 1595 partibus
1304 1509 1398 1577 nobis
1415 1507 1520 1574 retulit

397 1611 577 1678 bonafide:
593 1612 679 1696 quod
689 1613 785 1680 ambe
795 1622 904 1698 partes
915 1615 1065 1683 adductis
1075 1635 1183 1683 seeum
1199 1617 1346 1702 pluribus
1361 1615 1522 1684 nobilibus

397 1721 469 1804 ipso
483 1729 634 1806 presente
665 1722 699 1787 in
724 1723 921 1808 supradietis
953 1725 1078 1791 oetanis
1108 1733 1315 1792 secesserunt
1347 1713 1521 1797 adfaciem

397 1829 638 1914 possessionum
654 1829 806 1896 diuisioni
822 1830 1064 1899 subiaoenoium
1074 1883 1084 1918 ,
1102 1841 1137 1900 ut
1162 1833 1313 1916 dieebat;
1330 1835 1383 1901 vbi
1410 1830 1522 1917 prinoi-
1554 1856 1562 1873 ·

396 1937 516 2021 paliter
532 1933 610 2002 dieti
626 1937 683 2022 filij
717 1935 851 2006 Comitis
884 1940 991 2023 Egydi
1016 1943 1086 2026 pari
1116 1948 1149 2008 et
1174 1941 1328 2008 ooneordi
1359 1939 1521 2006 voluntate

394 2041 558 2126 quandam
576 2046 813 2129 possessionem
837 2067 931 2114 suam
956 2067 1015 2114 sen
1041 2053 1160 2116 terram
1187 2047 1456 2133 Gugmendaente
1472 2068 1520 2110 vo

395 2159 513 2238 eatam,
532 2169 589 2217 seu
615 2151 680 2218 alio
711 2154 841 2221 nomine
859 2154 1017 2221 Hurtelen
1049 2154 1189 2242 doum,
1220 2157 1255 2221 in
1270 2156 1367 2222 eertis
1382 2157 1522 2222 metiret

395 2257 540 2326 terminis
556 2261 623 2326 suis
648 2262 791 2345 antiquis
817 2266 949 2330 aterris
974 2261 1112 2354 Chalran
1139 2265 1355 2331 etKerelstou
1373 2283 1520 2349 segrega-

394 2373 471 2451 tam,
488 2369 559 2435 rsni
575 2369 670 2436 trium
686 2378 867 2437 aratrorum
892 2371 1117 2459 suilieientem,
1135 2374 1304 2460 dederunt,
1320 2373 1519 2440 eontulerunt
1564 2387 1570 2438 t

395 2482 427 2540 et
443 2479 695 2561 assignatarum
710 2479 898 2545 memoratis
923 2480 1026 2546 Paulo
1042 2490 1074 2547 et
1089 2483 1187 2548 Petro
1212 2481 1291 2566 filijs
1312 2479 1445 2549 Comitis
1460 2481 1517 2546 Do·
1561 2441 1570 2588 i

272 2627 275 2634 ι
394 2582 503 2650 minioi
513 2585 755 2670 perhempniter
765 2587 899 2672 paeifioe
911 2567 1152 2672 possidendam.
1165 2589 1409 2674 Consequenter
1419 2591 1514 2654 eeiam
1562 2614 1567 2629 .

394 2699 599 2758 arcesserunt
615 2691 657 2757 ad
675 2690 792 2758 laoiem
819 2692 989 2760 cuiusdam
1015 2701 1099 2761 terre
1114 2693 1389 2781 Kysfatudteutde
1405 2713 1514 2760 nunon-

393 2803 487 2880 pate,
504 2818 601 2882 snper·
617 2819 683 2883 qua
698 2799 818 2867 diuisio
835 2801 905 2867 lieri
922 2800 1043 2886 debuit,
1074 2822 1138 2885 que
1163 2801 1267 2870 eeiam
1286 2801 1430 2867 totaliter
1446 2822 1515 2868 ren·

393 2902 463 2970 dita
476 2905 583 2974 fuerat
599 2907 715 2974 Comiti
731 2909 901 2976 Dominioo
933 2911 1018 2996 patri
1046 2911 1189 2994 ipsorum
1218 2909 1394 2977 seeundum
1425 2910 1516 2978 eonti-

393 3013 540 3078 nenoiam
556 3013 718 3098 priuilegij
732 3014 875 3100 Capituli
886 3017 1148 3101 Wesprimiensis
1166 3038 1225 3102 pro
1244 3015 1515 3101 trigintaquinque

393 3121 510 3186 mareis
526 3121 673 3206 plenarie
688 3123 881 3206 persolutis3
899 3131 931 3189 et
946 3123 992 3188 ibi
1010 3124 1103 3190 iuxta
1119 3125 1236 3191 seriem
1253 3127 1433 3193 litterarum
1447 3141 1514 3208 pre·

391 3227 549 3294 dictorum
581 3228 817 3296 Ornoiferorum
849 3239 1061 3297 memoratam
1093 3239 1213 3296 terram
1246 3231 1289 3298 ad
1320 3239 1389 3299 tres
1413 3235 1514 3316 partes
1558 3255 1563 3260 ·

391 3333 548 3419 equaliter
564 3335 752 3424 diuiserunt,
770 3338 895 3404 duabus
910 3339 1059 3424 partibus
1076 3362 1096 3407 a
1113 3349 1208 3424 parte
1224 3339 1427 3406 meridionali
1441 3335 1514 3419 tilijs
1565 3313 1570 3434 ⁴3

391 3439 524 3508 Comitis
542 3441 649 3527 Egydi
665 3443 854 3532 assignatis,
886 3447 989 3512 teroia
1021 3465 1096 3511 uero
1127 3455 1257 3532 partes
1273 3451 1512 3532 parteseptam·
1564 3435 1570 3558 l

391 3546 523 3614 trionali
539 3554 624 3617 terre
641 3549 908 3632 Gugmendaente
932 3559 1049 3618 vocate
1074 3551 1243 3620 vicinante
1268 3554 1350 3640 ipsis
1374 3551 1511 3639 liliJsCo
1563 3575 1570 3626 ,ι

290 3640 294 3648 “
393 3653 480 3720 mitis
496 3655 658 3722 Dominioi
675 3659 941 3726 inreuooabiliter
958 3669 1168 3744 remanente,
1203 3663 1301 3728 oertis
1319 3657 1510 3746 metis(anti·
1568 3671 1570 3748 ξ

393 3759 477 3844 quis)
496 3768 527 3828 et
542 3763 727 3830 recentibus
755 3764 995 3849 distinguendo.
1030 3766 1173 3843 Quarum
1200 3767 1336 3850 quidem
1368 3773 1511 3834 metamm

327 3957 332 3964 ι
391 3885 503 3933 orrrsus
523 3869 599 3934 talis
616 3875 683 3947 est3
700 3871 786 3954 quod
802 3871 906 3956 prime
921 3873 985 3941 due
1010 3881 1096 3941 mete
1119 3875 1281 3961 incipiunt
1298 3893 1319 3940 a
1335 3883 1425 3961 parte
1439 3869 1509 3938 eooi-

393 3971 515 4040 dentali
532 3977 708 4058 aquodam
725 3979 795 4045 rino
810 3981 934 4065 Zapola
950 3989 1067 4049 uocato
1093 3984 1126 4048 in
1144 3983 1209 4049 fine
1229 3983 1398 4052 ouiusdam
1414 3979 1508 4067 pontis
1568 3965 1570 3986 “

390 4081 450 4142 sub
467 4081 607 4161 quodam
635 4084 819 4152 molendino
848 4088 1017 4174 existente,
1045 4089 1099 4155 rbi
1115 4097 1192 4155 sunt
1208 4090 1273 4156 due
1289 4099 1377 4156 mete
1400 4095 1507 4168 terree;
1568 4129 1570 4184 ἰ

389 4181 506 4248 dehine
523 4207 578 4269 per
596 4197 714 4255 terram
730 4194 887 4261 arabilem
905 4195 1058 4278 dirigitur
1075 4217 1188 4264 uersus
1200 4199 1371 4282 orientem,
1386 4203 1418 4262 et
1431 4195 1471 4261 ibi
1479 4194 1506 4260 in
1566 4195 1570 4286 l

391 4291 512 4356 uertioe
525 4297 691 4363 monticuli
708 4300 767 4364 sub
793 4301 907 4368 arbore
933 4301 1091 4371 oberasea
1116 4305 1180 4370 due
1204 4311 1293 4372 mete
1318 4312 1422 4372 terres
1445 4307 1508 4370 sunt
1568 4385 1570 4394 Α

390 4383 507 4479 infiio5
524 4398 644 4469 dehine
660 4403 693 4469 in
710 4407 831 4474 vertioe
847 4409 1015 4476 monticuli
1026 4411 1233 4496 procedendo
1244 4411 1428 4482 veniturad
1438 4410 1506 4476 duas
1569 4477 1570 4480 ,

390 4497 519 4568 arbores
536 4507 706 4590 populeas,
723 4511 776 4577 rbi
794 4512 944 4580 similiter
969 4515 1032 4582 due
1048 4525 1133 4585 mete
1160 4525 1235 4586 sunt
1260 4528 1369 4588 terroe
1394 4523 1505 4596 ereata
1568 4509 1570 4558 ³

388 4601 511 4671 abinde
528 4618 1507 4696 autemquasiindescensumontiouliourritadtresarbures
1568 4577 1570 4714 i
