3146 5192
491 327 700 447 pem-

18 516 22 601 J
48 543 53 550 '
69 539 251 611 lliehaelem
268 547 301 606 et
316 539 478 608 Andream
490 541 575 607 filios
588 543 732 626 llaurleij
746 543 839 628 Dani,
850 501 1015 631 aeTnmp,
1026 545 1192 633 ligitium,

71 648 267 736 Demetrium,
282 651 333 736 Vr,
349 656 382 715 et
398 649 558 715 Dmrienm
575 649 677 714 tilium
693 651 863 734 Laureneij
880 653 1059 720 seruientes
1075 673 1191 720 eorun-

70 757 133 822 dem
148 765 262 824 eontra
276 757 454 842 Magistros
468 753 654 840 Nieolaum,
671 756 779 824 Zoard
789 763 821 824 et
831 755 924 826 Ghak
936 767 1069 846 nepotes
1087 759 1199 830 wael
1311 761 1313 768 ’

69 863 105 930 etl
119 865 321 950 presenciam
337 865 453 932 Uestre
469 863 662 951 Maiestatis,
679 865 853 932 sabbatum
868 868 1052 953 proximum
1078 867 1191 936 videli-

70 979 114 1040 eet
128 971 263 1056 vigilias
278 973 485 1039 Penteoostes
501 971 624 1038 eisdem
642 993 701 1059 pro
728 974 864 1040 termino
890 971 1099 1057 assignando.
1125 975 1192 1058 Dag

70 1087 128 1145 tum
143 1079 177 1144 in
193 1078 309 1164 uigilia
324 1077 533 1146 Aseensionis
550 1078 681 1144 Domini
697 1100 784 1146 anno
799 1080 930 1148 Domini
946 1079 1070 1148 ΜῦΟΟ0
1094 1101 1194 1148 nona·

70 1187 184 1272 gesimo
199 1207 297 1253 nono.
558 1275 563 1282 Ι

166 1293 323 1360 Kirlll:
343 1293 484 1360 Domino
501 1293 583 1377 Regi
600 1313 658 1378 pro
674 1293 830 1377 Magistro
854 1296 1000 1384 Nieolao,
1027 1294 1134 1362 Zoard
1161 1301 1194 1362 st

71 1397 179 1468 Obaak
196 1401 371 1488 nepotibus
387 1401 489 1468 Weeh
506 1405 619 1468 eontra
636 1399 830 1489 Lorundum,
841 1403 1042 1489 blyobaelem
1056 1423 1096 1469 ao
1106 1404 1194 1488 Dyo·

71 1509 194 1590 nisium,
206 1510 370 1578 ¹laoobum
387 1516 419 1576 et
434 1508 519 1576 alios
535 1505 578 1575 ad
594 1508 767 1576 sabbatum
783 1511 964 1596 proximum
981 1509 1136 1578 videlieet
1151 1507 1193 1578 ud

71 1614 192 1700 uigilias
209 1616 430 1684 Pentecostos.
1092 1611 1099 1618 ’

69 1813 188 1866 Dredstis
210 1811 396 1880 buretrum,
410 1829 427 1866 s
441 1811 583 1881 sirpeosel
597 1815 744 1877 elvessett;
765 1815 880 1866 abudsi
895 1816 946 1866 lrir.
972 1814 1095 1868 lrnmsrui
1117 1809 1202 1864 level·

569 1901 688 1968 tirbnn.)

525 2192 737 2207 mu·-

558 2771 567 2778 '
607 2767 686 2835 236.

11 2968 12 2971 ’
77 2965 103 3026 A
117 2965 263 3050 somoqyi
281 2962 469 3027 loneentuek
479 2963 755 3052 bieonyeo'pleoele,
767 2969 847 3048 topy
858 2961 961 3051 Heym
970 2961 1205 3032 Androailcuok

69 3069 129 3152 ficri
145 3074 175 3138 lo
202 3095 224 3132 a
251 3073 393 3158 Botydoi
424 3071 576 3138 nemeselc·
592 3075 755 3140 telesinus
779 3073 993 3140 toreumatis
1025 3075 1205 3160 torpydban

142 3182 312 3246 eciloazlott
328 3179 423 3245 tirel
440 3178 596 3246 iuliacense
616 3184 673 3247 ald
690 3181 815 3247 vetettelr
832 3183 998 3267 mapultut.
1017 3181 1114 3250 1299.

179 3377 249 3442 Nos
265 3375 450 3462 Conuentns
466 3377 653 3463 Monusterij
671 3375 786 3444 Saneli
801 3376 909 3460 Dgidii
928 3377 969 3445 de
985 3376 1132 3463 Symigio
1148 3375 1205 3442 da·

79 3499 143 3548 mus
158 3501 220 3566 pro
238 3481 402 3568 memoria,
421 3482 508 3565 quod
526 3481 641 3552 (lomes
652 3484 819 3565 Nicolaus,
831 3481 1017 3568 Dyonisius,
1030 3484 1205 3552 bulizlaus
1243 3479 1247 3484 ’

80 3597 108 3654 el
122 3591 282 3674 Amineas,
298 3589 357 3674 filij
374 3589 553 3658 Andronici
572 3593 688 3678 Heym,
706 3613 765 3677 pro
782 3612 817 3659 se
833 3598 866 3658 et
881 3613 941 3678 pro
958 3591 1086 3659 Sandur
1101 3592 1204 3660 tratre

48 3719 51 3722 ·
81 3715 143 3780 suo,
160 3717 200 3765 ao
218 3697 388 3764 Dominieo
404 3698 470 3764 filio
487 3698 593 3764 Rama
609 3700 650 3765 ab
670 3721 734 3767 vna
750 3706 863 3784 parto;
890 3700 1005 3768 (lomes
1022 3700 1207 3780 Marcellus,

83 3802 183 3886 Steilr,
199 3803 414 3872 Leustaobius
433 3813 466 3872 et
479 3805 597 3874 Petrus
613 3807 672 3892 filij
690 3806 850 3892 (lbepani,
871 3827 910 3874 ao
927 3806 1075 3874 Olbriobt
1091 3805 1131 3872 de
1148 3807 1207 3871 Bo·

80 3918 155 3998 tyan
169 3931 211 3979 ex
235 3912 359 3998 altera,
391 3912 607 3996 personaliter
634 3934 741 3982 eoram
772 3913 866 3981 nobis
891 3913 1075 3999 eonstitnti;
1107 3932 1206 3996 super

3 4085 5 4108 ,
84 4018 231 4104 dampnis
248 4023 280 4084 et
295 4017 422 4100 iniuriis
438 4019 637 4104 quibuslibet
657 4021 732 4088 bine
748 4021 824 4087 inde
844 4021 954 4102 illatis,
973 4027 1006 4086 et
1020 4019 1208 4104 specialiter

82 4145 174 4212 super
191 4125 277 4193 faulo
294 4131 379 4194 terre
406 4147 464 4194 seu
495 4128 711 4214 possessionis
728 4124 898 4215 (Botyan),
930 4127 1158 4196 eommiserunt
1174 4143 1210 4192 se

3 4235 5 4304 ἓ
85 4234 218 4301 arbitrio
228 4235 364 4303 Comitis
374 4235 536 4302 Dominioi
547 4235 606 4322 filij
623 4235 728 4322 Pauli,
745 4233 903 4302 lobannis
921 4233 978 4318 filij
995 4232 1167 4320 lobannis,
1180 4239 1210 4299 et

3 4325 4 4350 ³
83 4338 182 4428 Boni,
199 4363 283 4426 quos
301 4343 416 4410 (lomes
433 4343 598 4428 Nyeolaus
615 4349 646 4410 et
661 4344 779 4409 fratres
795 4341 844 4408 sui
861 4339 998 4426 predioti
1026 4339 1209 4425 adducere

3 4427 5 4474 ²
87 4447 158 4514 rom
176 4447 822 4537 oomrtrsrrspl,rregm1rwarentem,
841 4448 1037 4536 ooyonrsj
1055 4448 1212 4516 seusu-

3 4559 5 4648 f
84 4576 155 4642 pan,
165 4579 246 4642 quos
256 4579 333 4644 pars
344 4559 485 4628 aduersa
495 4558 713 4638 adiuuettlni
723 4577 843 4640 omnes,
851 4565 909 4624 ant
918 4563 1057 4641 quatuor
1068 4578 1108 4623 ex
1119 4555 1209 4642 ipsis,

3 4683 5 4746 ξ
85 4686 139 4756 per
150 4673 259 4752 partes
269 4667 397 4736 adduoti
411 4669 445 4740 in
457 4668 629 4754 quindenis
636 4667 784 4738 Omnium
792 4668 982 4734 Sanctorum
996 4663 1152 4735 oooedeut
1162 4683 1212 4734 su·
