3146 5192
549 339 710 437 *cc-u*

70 532 132 600 tuis
148 531 443 622 supplicationibus
459 537 652 618 annuentes,
667 532 774 620 ipsum
791 530 832 600 ds
848 551 982 620 corporo
996 532 1094 601 Beati
1104 533 1192 602 Petri

0 678 6 709 t
68 645 231 725 sumptum
247 637 306 704 tibi
321 657 379 723 per
396 637 531 706 dilectos
547 638 629 706 filios
645 644 774 707 nostros
789 639 957 708 llatheum
973 642 1097 710 Sancte
1122 642 1189 708 Ma·

0 713 23 817 Ι
75 749 116 814 rie
131 749 165 812 in
180 746 320 832 Portica,
338 745 578 830 Neapoleonem
603 743 717 813 Sancti
741 747 889 836 Adriani,
914 749 1046 816 Petrum
1071 749 1193 815 Sancto

0 822 7 927 Ι
74 853 168 920 llario
183 852 285 936 Nove,
303 859 335 918 et
349 851 547 920 Richardum
563 853 675 919 Sancti
700 853 867 920 Eustachii
893 854 1056 921 Diaconos
1083 853 1192 920 Cardi-

1 1001 3 1003 v
75 958 160 1026 ucles
176 959 336 1040 duximus.
361 959 608 1043 assignandum,
624 961 760 1046 prestito
777 981 798 1028 a
813 950 854 1028 te'
871 967 980 1028 nostre
996 968 1028 1027 et
1046 958 1191 1028 Ecclesia

1 1111 3 1117 -
72 1069 210 1134 Romane
225 1065 357 1132 nomine
373 1065 541 1134 fidelitatis
557 1066 652 1134 solite
668 1068 864 1155 iuramento,
882 1069 991 1134 utillo
1016 1068 1105 1134 intra
1131 1066 1191 1131 Ec·

4 1220 5 1223 ,
72 1174 195 1240 clesiam
220 1177 314 1239 tuam
330 1173 398 1239 illis
425 1172 540 1240 diebus
556 1175 668 1262 utaris,
695 1177 751 1258 qui
777 1177 924 1261 expressi
948 1175 982 1240 in
1007 1174 1110 1261 ipsius
1135 1176 1188 1260 Ec

71 1280 161 1347 clesie
176 1279 357 1365 privilegiis
374 1280 587 1348 continentur.
606 1281 650 1346 Ut
666 1281 799 1365 signum
815 1283 915 1366 igitur
939 1303 1003 1349 non
1030 1281 1191 1366 discrepet

72 1387 239 1472 asignato,
257 1389 315 1455 sed
332 1387 418 1471 quod
433 1389 522 1470 geris
538 1387 692 1473 exterius,
708 1389 797 1456 intus
813 1408 924 1457 serves
940 1390 975 1456 in
991 1395 1099 1456 mente
1110 1413 1117 1474 ;
1129 1386 1191 1454 ira

68 1497 244 1562 tenuitatem
270 1501 359 1564 tuam
384 1515 554 1562 monemus
582 1496 736 1562 attentius
764 1501 797 1562 et
827 1497 1005 1581 hortamur,
1032 1502 1192 1580 qnatenus

69 1601 278 1668 humilitatem
294 1610 326 1668 et
341 1601 509 1684 iustitiam,
527 1601 629 1678 danto
656 1601 805 1687 Domino,
833 1603 888 1686 qui
913 1602 970 1668 dat
999 1621 1133 1670 munera
1158 1607 1190 1668 et

69 1707 185 1790 premia
216 1708 385 1794 elargitur,
412 1709 588 1776 observare
614 1707 758 1794 studeas,
786 1728 850 1790 que
875 1727 968 1775 suum
1003 1713 1136 1774 seruant
1160 1711 1192 1772 et
1319 1711 1320 1714 ’

70 1820 250 1897 promovent
266 1823 471 1902 seruatorem,
490 1821 522 1882 et
536 1816 732 1882 Jadrenscm
747 1815 930 1882 Ecclesiam
940 1833 1093 1900 sponsam
1103 1819 1191 1880 tuam

48 1911 51 1918 ’
68 1939 152 1987 cures
176 1921 325 2006 sollicite,
348 1929 459 1989 actore
474 1924 623 2010 Domino,
650 1921 855 1989 incrementis
870 1922 903 1988 in
920 1920 1143 2007 spiritualibus
1160 1925 1192 1984 et

69 2027 293 2111 temporalibus
310 2029 479 2113 ampliare.
506 2032 629 2095 Datum
656 2028 806 2112 Anagnis
831 2029 984 2096 kalendis
998 2027 1090 2114 Julii,
1106 2027 1190 2092 Pon-

69 2134 197 2201 tificatus
213 2135 317 2202 nostri
333 2157 418 2204 anno
435 2137 558 2220 quinto.
686 2164 693 2168 ·

68 2327 192 2392 (Theium,
206 2331 309 2383 Vetera
326 2331 501 2383 Monumenta
514 2331 655 2382 Slavorum
665 2329 884 2382 Meridionalium
896 2329 1038 2380 historiam
1050 2327 1188 2380 illustran-

490 2423 531 2470 ua
543 2421 565 2473 1.
580 2421 636 2470 not.
652 2419 712 2469 nc.
726 2419 756 2482 1.)

513 2701 727 2714 -ι-

587 3248 665 3316 als.

70 3431 158 3499 Vlll.
174 3433 335 3515 Bonijoicz
345 3433 443 3516 pcipe
446 3429 708 3524 fclhotatrnczao
723 3427 829 3493 Jacob
838 3428 953 3512 judoni
967 3424 1089 3507 drseket,
1100 3426 1184 3511 kopp
1295 3381 1301 3392 Ι

12 3557 17 3566 ’
61 3539 128 3603 atto
143 3539 292 3623 saomdlyt
322 3559 361 3602 oz
394 3537 460 3602 bloet
484 3536 567 3620 aajtd
596 3533 852 3620 epyhdabltotctds
893 3534 957 3598 alal
985 3533 1186 3618 felmentbeta‘

574 3642 673 3710 1299.

166 3837 355 3905 Boniiacius
385 3836 567 3924 Episcopus
593 3854 707 3901 servus
733 3852 898 3901 servorum
925 3834 986 3900 Dei
1003 3832 1185 3900 vonerabili

66 3945 152 4012 iratri
167 3997 175 4015 .
192 3995 228 4012 ..
262 3943 514 4029 Archiepisoopo
540 3943 705 4028 iodrensi,
731 3927 871 4008 salntem
901 3945 934 4007 et
958 3940 1183 4025 Apostolicam

64 4052 322 4120 benedictionem.
341 4053 500 4137 Exposuit
516 4051 609 4116 nobis
626 4057 683 4116 tua
699 4049 900 4136 fraternitam
917 4047 1002 4131 quod
1028 4045 1179 4114 nonnulli

64 4159 175 4228 Prelati
191 4159 477 4243 ecclesiasticoque
493 4178 641 4245 persone,
667 4158 840 4240 regulares
866 4162 898 4222 et
923 4155 1100 4238 seculares,
1126 4160 1182 4219 tue

65 4266 206 4337 diritatis
218 4277 249 4336 et
258 4269 405 4360 Diocesis
416 4270 448 4334 in
459 4267 667 4352 reparatione
678 4285 842 4331 murorum
859 4263 1008 4330 Civitatis
1025 4259 1181 4344 eiusdem,

64 4375 114 4456 qui
130 4376 204 4442 olim
222 4374 379 4442 destructi
395 4375 534 4461 fuerant,
552 4374 592 4441 de
607 4372 818 4458 proventibus
835 4363 970 4437 ethonis
988 4365 1184 4435 ecelesiasti-

59 4479 105 4546 cis
120 4483 178 4549 sub
192 4482 348 4550 adiutorii
363 4482 417 4549 vel
433 4479 509 4547 doni
525 4481 655 4546 nomine
673 4478 868 4547 officialibus
885 4481 916 4542 et
932 4475 1007 4543 aliis
1023 4473 1118 4540 laicis
1135 4471 1183 4537 di-

58 4594 110 4654 ·-cts
125 4589 273 4657 civitatis
289 4597 395 4657 certas
422 4588 648 4674 persolverunt
671 4587 810 4671 pecunie
836 4585 1047 4670 quantitates,
1073 4578 1182 4647 iidem·

104 4721 203 4762 norun.
220 4725 302 4760 nuso.
318 4725 388 4760 rursu.
407 4732 445 4743 -
464 4723 535 4757 nunu.
554 4717 589 4758 18.
980 4693 1022 4758 22
