3234 5194
750 987 802 1054 ro.
869 949 875 962 '

212 1187 275 1251 ΙΠ.
293 1185 403 1250 Endos
419 1187 532 1272 kirtly
548 1187 726 1271 mepcrdsc‘ta'
743 1187 765 1251 l
770 1187 803 1250 V.
822 1187 938 1252 Ldnzld
953 1185 1128 1273 kirdlynak
1145 1188 1206 1252 Vas
1218 1191 1250 1252 ds
1262 1189 1347 1254 Zele-

211 1295 296 1379 typi
322 1291 508 1378 seipsoque
532 1297 683 1378 tcirpyozd
713 1293 910 1380 odcmcinydt
946 1295 1073 1378 cuncty
1098 1295 1226 1380 mcatcp
1255 1296 1338 1362 Sido

421 1404 582 1485 testvdrei,
614 1401 697 1464 Imrc
718 1400 787 1482 fici
805 1405 964 1466 asomum.
988 1401 1085 1466 1291.

322 1593 470 1660 Andreas
488 1596 549 1660 Dei
566 1595 865 1681 graciaHungarie,
880 1593 1058 1682 Dalmacie,
1075 1594 1220 1684 Groacie,
1232 1599 1343 1684 Rame,

212 1701 492 1790 Seruistiallicie,
505 1703 703 1788 laudomerie,
714 1704 867 1769 Comanis
884 1703 1102 1788 Bulgarieque
1111 1705 1182 1770 Rex
1192 1706 1342 1773 omnibus

213 1813 335 1880 Christi
362 1811 511 1878 fidelibus
544 1831 679 1896 presens
695 1811 852 1896 scriptum
863 1811 1062 1896 'inspecturis
1079 1811 1217 1878 salutem
1235 1815 1269 1880 in
1280 1833 1344 1880 om·

213 1923 305 1988 nium
322 1921 494 1987 saltatore.
508 1920 740 1987 Vniuersorum
757 1919 875 1985 noticia
890 1918 1039 1986 uolumus
1051 1918 1346 2008 immanifestum,
1434 1991 1435 1996 ,

214 2030 302 2115 quod
313 2027 451 2095 Michael
461 2025 563 2094 dictus
575 2027 674 2114 Sydo,
692 2027 890 2096 Benedictus
900 2034 932 2093 ct
942 2027 1111 2112 Emirious,
1127 2027 1183 2111 filij
1197 2028 1342 2113 Emirici,

213 2136 259 2203 ad
282 2143 426 2205 nostram
444 2135 635 2202 accedentes
651 2135 853 2219 presenciam
869 2135 1086 2202 exhibuerunt
1101 2134 1194 2202 nobis
1211 2137 1342 2221 priuile-

214 2245 321 2329 giales
338 2253 370 2311 et
385 2249 533 2329 patentes
550 2243 677 2310 litteras
695 2242 821 2310 domini
837 2244 936 2326 Regis
952 2242 1100 2309 Ladiclai
1117 2243 1344 2309 inclitcrscor-

214 2351 364 2418 dacionis
384 2349 494 2418 fratris
515 2351 794 2439 nostripatruelis,
811 2370 909 2438 super
933 2351 1115 2418 collacione
1140 2350 1342 2434 quarundam

214 2461 367 2527 villarum
383 2459 448 2526 Vos
466 2466 498 2524 et
517 2458 683 2546 Zetebygh
700 2467 887 2527 ocustarum
904 2459 1080 2545 confectas,
1098 2464 1244 2544 petentes
1272 2477 1344 2524 cum

214 2571 391 2649 instancia,
409 2575 445 2634 ut
460 2570 550 2653 ipsas
567 2569 790 2654 priuilegiules
807 2574 839 2634 et
854 2573 999 2654 patentes
1011 2566 1135 2634 litteras
1146 2573 1236 2634 rotas
1246 2565 1345 2634 haba·

215 2697 261 2760 re,
279 2682 312 2741 et
327 2682 435 2743 nostro
452 2675 662 2761 dignaremur
691 2676 865 2763 priuilegio
882 2677 1082 2743 confirmare.
1100 2672 1199 2740 euius
1217 2675 1347 2758 quidem

214 2783 383 2868 priuilegij
402 2789 494 2852 tenor
511 2783 588 2850 tulis
608 2789 677 2850 est:

323 2890 499 2958 Ladiulaus
515 2892 554 2956 D.
583 2913 630 2976 gr.
658 2891 828 2975 Hongaric
854 2893 916 2958 stb.
949 2892 1018 2958 Rex
1045 2891 1107 2957 stb.
1135 2887 1347 2977 (kdvetkezik

214 2999 271 3065 IV.
291 2998 409 3067 Laszlo
442 2999 549 3085 kirtly
580 2999 716 3068 1284-ki
742 2997 1025 3088 adomanylevele‚
1055 2999 1137 3064 mint
1168 2997 1348 3084 gytjtomc·

214 3108 333 3191 nyttnk
348 3106 418 3190 lx,
435 3110 552 3194 vagyis
570 3130 590 3174 a
606 3110 756 3176 mssodik
773 3110 895 3195 iolyam
911 3110 966 3175 IV.
980 3109 1156 3175 kdtetcben
1168 3111 1244 3175 380.
1261 3103 1300 3192 1.)

324 3216 490 3284 Patecium
508 3217 610 3284 eciam
627 3217 811 3284 litterarum
829 3224 922 3284 tenor
938 3215 1016 3283 talis
1034 3223 1102 3282 est:

323 3323 392 3389 Nos
408 3323 583 3392 Ladizlaus
599 3324 660 3390 Dei
677 3326 790 3409 gracia
805 3327 874 3390 Rex
900 3323 1068 3407 Hungaric
1094 3325 1155 3390 stb.
1183 3321 1346 3400 (kdretke-

214 3431 268 3498 nik
285 3430 341 3497 IV.
358 3431 473 3498 Ltszld
494 3431 630 3500 lusu-ki
647 3432 823 3519 okmtnya,
842 3431 922 3497 mint
937 3451 968 3497 n.
988 3451 1016 3497 o.
1035 3431 1111 3498 494.
1129 3426 1168 3515 l.)

217 3551 218 3556 ’
324 3537 390 3605 Nos
408 3538 518 3625 igitur,
535 3540 625 3607 ouius
642 3540 807 3626 proprium
824 3545 873 3606 est
890 3536 997 3622 dignis
1024 3536 1239 3623 peticionibus
1264 3536 1348 3602 bone

215 3645 410 3712 morencium
426 3663 592 3714 occurrere
609 3649 712 3732 Regio
729 3667 801 3712 cnm
827 3648 953 3735 fauore,
979 3651 1015 3711 nt
1043 3645 1102 3731 alij
1120 3664 1158 3711 eo
1186 3649 1347 3730 respectu,

216 3763 248 3822 et
263 3775 421 3841 personas
438 3773 515 3822 suas
538 3757 667 3822 casibus
684 3754 813 3822 fortune
838 3753 1036 3838 submittere,
1053 3760 1084 3820 et
1109 3774 1161 3820 res
1187 3773 1263 3820 suas
1289 3771 1348 3837 pro

215 3863 356 3930 tuicione
373 3862 497 3929 Corone
513 3863 615 3947 Regis
631 3882 670 3928 ac
686 3863 936 3930 conseruacione
953 3863 1061 3946 patrie
1094 3881 1255 3948 exponere
1280 3879 1346 3926 non

216 3969 403 4056 formident,
421 3970 478 4036 sed
488 3970 529 4036 de
540 3970 696 4056 promptis
706 3969 884 4038 reddantur
894 3971 1129 4056 prompciores:
1152 3967 1347 4054 peticionem

217 4076 360 4162 ipsorum
377 4079 535 4147 Comitum
551 4077 740 4165 Mychaeiis,
758 4075 925 4146 Benedicti
942 4083 974 4143 et
989 4076 1122 4142 Emirici
1132 4125 1142 4160 ,
1170 4075 1226 4158 qui
1250 4073 1346 4139 nobis

217 4189 249 4254 in
266 4189 409 4254 exercitu
426 4195 544 4272 nostro,
563 4207 659 4270 quem
676 4192 788 4254 contra
803 4188 927 4252 Ducem
943 4184 1074 4252 Austris
1100 4183 1284 4268 habuimus,
1308 4181 1342 4247 fi-

217 4295 334 4362 deliter
358 4298 582 4380 seruiuerunt;
600 4289 752 4362 videlicet
777 4302 853 4360 tunc
879 4315 951 4360 oum
977 4291 1106 4360 eosdem
1135 4291 1169 4355 in
1194 4290 1349 4357 societate

216 4403 417 4488 quorundam
434 4404 598 4470 Baronum
614 4411 794 4470 nostrorum
812 4399 872 4468 sub
889 4409 1030 4480 castrum
1045 4400 1228 4466 Viennense
1242 4405 1343 4464 trans·

216 4512 427 4598 misissemus,
446 4511 532 4578 idem
549 4515 664 4580 Comes
681 4511 874 4578 Benedictus
893 4517 968 4577 ante
985 4515 1109 4594 portam
1127 4509 1250 4575 Vienne
1266 4508 1340 4573 viri·
1401 4499 1407 4508 “
1500 4489 1505 4496 ’

216 4626 291 4693 liter
308 4618 495 4689 dimicando
513 4621 620 4688 extitit
635 4623 824 4702 ulceratus,
843 4625 875 4686 et
891 4619 1011 4686 Paulus
1029 4617 1114 4686 tilius
1130 4617 1222 4683 Pauli
1246 4613 1349 4682 frater
