3132 5192
548 1077 624 1146 lot.

40 1259 171 1328 stolae·
184 1263 409 1349 kciptalaunak
424 1261 700 1347 bizonysciplevdo,
719 1259 802 1345 kopp
818 1259 933 1325 Lento
949 1272 1074 1344 mester,
1100 1260 1155 1325 bo-

40 1369 90 1434 lai
110 1371 214 1434 oloaso'
239 1369 393 1454 kanonolr,
417 1372 545 1436 Bilcois·
560 1369 689 1454 Mepyer
703 1368 842 1432 birtolcoit
861 1368 1007 1433 Tivodar
1045 1378 1154 1432 uuester

221 1478 492 1564 cz6kerfelte'rocim
501 1477 700 1565 prsipostrsal·
715 1476 833 1540 eludia.
853 1475 949 1540 1294.

288 1637 318 1702 Α
580 1637 606 1702 Β
868 1635 893 1700 O

133 1831 347 1917 (Olnpitulum
365 1832 525 1900 Budensis
540 1831 690 1899 Ecclesie
707 1832 857 1898 omnibus
873 1830 992 1898 Christi
1003 1832 1149 1900 fidelibus

36 1937 140 2020 quihus
157 1946 328 2022 presentes
345 1939 564 2025 ostendentur,
580 1939 718 2007 salutem
734 1939 769 2003 iu
785 1959 823 2005 eo
840 1939 894 2020 qui
911 1940 1042 2006 estsous
1055 1940 1149 2006 nenie

38 2045 188 2128 peniteret
213 2047 340 2114 salutis
364 2047 647 2114 Aduniuersorunr
666 2046 820 2116 noticiam
845 2054 912 2112 tam
940 2047 1144 2132 presencium

37 2172 123 2234 quern
139 2152 318 2219 futurorum
335 2155 449 2220 hurum
459 2153 554 2240 serie]
566 2157 713 2222 uolumus
725 2153 912 2240 peruenire:
939 2153 1023 2238 quod
1048 2153 1151 2236 Magi-

35 2265 92 2324 ster
105 2259 280 2327 Ledizleuo
298 2263 412 2330 Lector
422 2263 566 2330 Ecclesie
576 2271 695 2347 nostre,
716 2263 767 2329 uir
778 2261 905 2341 nobilis,
919 2261 1001 2327 filius
1012 2260 1149 2327 Comitis

36 2366 132 2434 Deme
147 2365 190 2433 de
206 2367 321 2454 Bolng,
354 2369 387 2434 iu
402 2370 509 2435 medio
534 2371 637 2437 nostri
666 2369 883 2454 personaliter
908 2369 1053 2450 ostendo,
1080 2385 1152 2432 oon·

37 2471 134 2539 fessus
150 2481 201 2540 est
216 2475 296 2541 niun
311 2495 401 2564 uoce,
417 2475 579 2560 quandem
595 2473 833 2560 possessiouem
849 2493 939 2538 suam
965 2473 1076 2557 Meger
1100 2493 1153 2538 uo·

37 2585 143 2667 cutum,
159 2600 231 2645 euru
256 2581 405 2648 omnibns
429 2581 623 2649 utilitatibus
649 2582 718 2647 suis
744 2586 776 2645 et
799 2580 1019 2665 pertineneijs,
1045 2577 1150 2666 protis

37 2686 189 2771 uidelicet,
221 2686 346 2772 tenetis,
374 2689 469 2756 terris
495 2690 590 2754 cultis
607 2697 639 2756 et
657 2689 794 2774 incultis,
821 2691 880 2754 sub
907 2687 1029 2753 eisdem
1055 2685 1151 2752 metis

38 2800 65 2858 et
78 2794 233 2877 terminis,
257 2779 377 2877 quibus
399 2795 441 2860 ab
466 2798 600 2880 antiquo
625 2797 760 2862 limitato
787 2796 894 2862 extitit
925 2803 957 2862 et
989 2812 1155 2880 possesse,

38 2900 119 2967 iuxta
134 2901 323 2969 Danubium
339 2903 372 2968 in
390 2903 551 2971 Oomitetn
567 2905 724 2970 Pestieusi
743 2924 845 2989 prope
872 2901 994 2968 Budem
1013 2900 1153 2967 existen·

38 3014 103 3093 tem,
119 3028 183 3092 qne
199 3006 242 3075 ad
258 3010 365 3095 ipsum
381 3013 635 3095 permutacionis
652 3011 744 3078 titulo
760 3033 799 3078 ex
825 3016 918 3096 perte
943 3007 1065 3076 domini
1091 3007 1151 3072 La-

38 3114 126 3182 dinlsi
151 3119 364 3186 miseracione
389 3118 512 3185 Dinina
537 3119 781 3206 Archiepiscopi
806 3117 1048 3202 strigoniensis,
1077 3113 1160 3180 loci-

35 3241 90 3304 que
103 3220 249 3291 eiusdem
264 3223 398 3291 Comitis
415 3225 576 3313 Perpetui,
594 3226 635 3294 de
652 3227 861 3294 oouuiuennia
871 3233 903 3290 et
928 3243 1061 3290 assensu
1087 3223 1144 3291 Oa-

37 3329 124 3413 pitnli
140 3330 286 3398 eiusdem
302 3331 451 3399 Ecclesie
467 3331 711 3419 Strigoniensis,
727 3335 811 3400 sient
826 3332 860 3398 in
877 3329 994 3399 litteris
1019 3331 1150 3416 priuile-

36 3437 171 3518 giulibus
198 3437 303 3523 ipsius
334 3436 456 3505 domiui
486 3439 734 3527 Archiepisoopi
758 3437 898 3505 uidimus
923 3437 1090 3525 contineri,
1122 3439 1156 3504 in

36 3544 254 3612 concambium
270 3545 349 3614 ville
365 3565 424 3614 sue
450 3547 586 3633 Keysyg
617 3554 730 3616 uocate
761 3567 862 3636 prope
891 3547 1009 3614 siluam
1034 3547 1156 3614 Berseu

37 3651 67 3716 in
81 3652 368 3741 archiepiscopalis
384 3655 465 3722 iuris
482 3655 659 3724 dominium
675 3657 849 3742 applicate,
867 3656 971 3722 fueret
986 3656 1155 3736 deuolute,

36 3761 214 3828 uendidisse
229 3761 370 3829 discreto
386 3763 456 3830 uiro
472 3764 630 3848 Magistro
646 3764 817 3831 Theodoro
844 3763 1013 3848 Proposito
1038 3763 1154 3829 Alben-

36 3867 77 3932 cis
91 3867 239 3935 Ecclesie
254 3871 328 3937 aule
343 3869 466 3936 domiui
483 3871 580 3956 Regis
596 3871 884 3957 Uiceceucellario,
902 3879 934 3935 et
950 3869 1067 3936 (loruiti
1094 3870 1155 3935 Le·
1239 3905 1253 3924 κ

36 3973 137 4043 dulae
153 3976 248 4043 fratri
265 3977 410 4045 eiusdem
427 3979 561 4065 uterino,
579 3998 618 4046 so
633 3979 781 4066 Nyeolao
806 3979 872 4046 filio
888 3977 1038 4064 Nyoolnp⁷
1062 3976 1152 4042 nobi·

36 4079 116 4148 libnu
131 4083 173 4151 de
188 4085 343 4168 Tengurd
358 4087 603 4170 presencialiter
619 4087 812 4174 esteutibus,
830 4106 887 4171 pro
903 4091 1030 4152 centnm
1058 4091 1089 4150 et
1115 4083 1160 4149 ui·

40 4187 116 4269 giuti
130 4189 251 4257 mareis
264 4193 392 4276 argenti
410 4192 506 4279 plene
536 4195 674 4282 receptis
708 4195 749 4261 ab
782 4193 904 4260 eisdem
935 4189 1152 4278 perempniter

37 4296 269 4378 possidendam.
297 4299 366 4366 Hoc
395 4300 533 4388 adiecto,
559 4299 645 4387 quod
660 4303 688 4369 si
713 4301 786 4387 quis
810 4302 845 4367 iu
870 4307 1034 4386 posterum
1060 4317 1157 4383 super

38 4402 104 4488 ipsu
119 4407 201 4473 ville
217 4407 328 4492 Meger
342 4409 395 4475 uel
412 4412 528 4494 queuis
544 4394 720 4498 partiente
731 4409 874 4480 eiusdem
900 4428 1052 4496 processu
1078 4416 1157 4474 tenr-

39 4532 143 4597 pornm
159 4515 306 4599 aliquam
321 4517 458 4586 mouerit
473 4520 688 4605 questionem,
704 4521 775 4606 ipse
789 4519 958 4608 {Magister
982 4517 1159 4586 Ladinlaus

37 4615 202 4690 detonuere
218 4629 251 4690 et
266 4623 418 4708 expedire
435 4625 572 4695 eundem
590 4628 793 4713 Propositum
809 4635 841 4694 et
866 4628 982 4695 fratres
1007 4647 1083 4694 suos
1122 4647 1161 4696 ac
