3124 5194
385 1147 520 1211 Mdrton
536 1166 633 1210 comos
648 1143 941 1229 atorechtirocate
962 1141 1111 1228 Voyaloro
1127 1141 1281 1229 helyodpet
1297 1143 1448 1229 tn'rpyazd
1461 1143 1511 1207 ot-

567 1252 623 1316 lctc
633 1274 653 1314 α
673 1251 869 1336 nyttlszipeti
884 1249 1112 1335 apdczazdrdo
1126 1251 1255 1316 rostro
1272 1250 1368 1315 1295.

494 1445 562 1512 Nos
579 1445 693 1511 Oomm
709 1445 870 1511 Martinus
886 1442 1066 1512 Viccindcx
1082 1441 1179 1510 Ourie
1205 1441 1329 1510 domini
1345 1443 1439 1527 Regis
1454 1463 1511 1509 me·

386 1551 489 1620 morie
520 1551 784 1620 commendantes
815 1550 1035 1636 significamus
1061 1549 1178 1633 quibus
1204 1551 1339 1635 expedit
1362 1551 1513 1616 vnincrsis

389 1661 595 1745 presencium
611 1677 668 1743 per
684 1663 838 1746 tenorem,
855 1654 943 1741 qnod
962 1676 1036 1724 cum
1051 1656 1182 1724 dominc
1197 1677 1327 1725 sorores
1343 1658 1386 1724 de
1408 1655 1513 1723 lnsnla

388 1767 491 1834 Beate
508 1765 653 1849 Virginis
684 1765 725 1832 de
748 1765 843 1831 Buda
868 1763 1024 1832 comitem
1055 1765 1215 1832 Jacobum
1240 1765 1342 1832 filium
1357 1762 1512 1846 Ambrosij

387 1873 431 1939 de
446 1874 564 1958 Ncmty
587 1891 685 1957 snper
709 1871 796 1939 lacto
812 1873 1040 1958 possessiones
1058 1873 1215 1958 Voyzlow
1232 1883 1350 1939 vocate
1365 1873 1401 1938 in
1415 1871 1510 1939 Comi·

387 1986 462 2047 tatu
477 1979 518 2044 dc
535 1981 665 2045 Barana
681 1980 850 2046 existentis
868 1979 1044 2046 traxissent
1059 1980 1094 2044 in
1119 1999 1253 2046 cansam
1280 1999 1393 2046 coram
1417 1978 1511 2062 nobis,

389 2085 512 2172 etipsa
528 2104 628 2152 causa
643 2084 677 2150 in
691 2086 792 2152 nostri
808 2087 979 2171 presencia
995 2085 1120 2152 diucius
1137 2085 1254 2152 suisset
1270 2085 1440 2171 uentilata,
1465 2083 1514 2148 lii·

390 2193 481 2259 colao
497 2199 529 2259 et
543 2192 647 2259 Paulo
664 2191 844 2260 Oomitibus
860 2191 1056 2259 officialibus
1073 2195 1222 2277 ipsarum
1239 2192 1444 2261 dominarum
1461 2209 1511 2276 pro

390 2299 513 2368 eisdem
530 2297 725 2366 dominabus
743 2319 815 2364 cum
842 2299 1049 2366 euidentibus
1073 2300 1306 2384 procuratorijs
1332 2300 1452 2366 litteris
1477 2298 1511 2363 ab

389 2425 455 2474 vua
470 2411 573 2492 parte,
590 2413 622 2472 ct
636 2407 794 2493 Fabyano
808 2406 873 2472 filio
890 2406 978 2472 Petri
995 2405 1128 2474 officiali
1143 2407 1281 2493 predicti
1309 2408 1446 2473 Comitis
1462 2406 1511 2472 Jo-

389 2514 461 2580 cobi
486 2533 559 2579 cnm
583 2514 817 2598 procuratorijs
843 2511 961 2581 litteris
988 2512 1133 2599 Capituli
1156 2511 1512 2598 Quinqncccclesicnsis

389 2640 449 2704 pro
465 2620 578 2687 eodem
596 2617 720 2686 Comite
737 2618 862 2686 Jacobo
879 2640 919 2685 ex
936 2623 1041 2686 altera
1058 2621 1320 2707 comparentibus
1345 2619 1514 2706 personali·

391 2733 449 2813 ter,
466 2727 614 2810 verisque
638 2727 787 2810 partibus
812 2727 845 2794 in
871 2727 974 2810 ligura
997 2726 1107 2812 iudicij
1135 2729 1438 2814 assumpmcntibus
1464 2745 1514 2812 per

390 2854 450 2902 nos
465 2834 632 2901 decretum
649 2833 768 2920 suerat,
785 2842 820 2902 vt
835 2833 980 2920 predicte
997 2835 1127 2903 domine
1152 2855 1280 2904 sorores
1306 2837 1514 2904 instrumenta

392 2962 448 3009 seu
464 2941 593 3010 litteras
610 2961 720 3008 coram
735 2941 829 3008 nobis
846 2942 988 3009 debeant
1005 2943 1169 3030 exhibere,
1185 2944 1402 3032 continentes,
1419 2952 1456 3011 vt
1470 2962 1514 3008 ea·

393 3047 465 3115 dcm
483 3049 647 3135 possessio
673 3049 828 3132 Voyzlow
852 3049 895 3120 sit
920 3057 952 3115 et
977 3049 1076 3114 fucrit
1099 3052 1246 3138 ipsarum
1272 3059 1305 3118 et
1330 3047 1512 3130 Monastcrij

392 3155 539 3240 Virginis
556 3155 708 3222 Gloriose
724 3158 766 3223 ab
782 3161 935 3240 antiquo;
954 3165 986 3224 et
1002 3177 1020 3222 e
1037 3178 1196 3224 conuerso
1212 3157 1300 3224 idem
1328 3159 1447 3226 Comes
1471 3157 1515 3224 Ja-

392 3267 490 3330 cobus
518 3263 668 3330 similiter
691 3263 817 3332 litteras
841 3284 900 3330 seu
926 3265 1155 3350 instrumenta,
1182 3285 1374 3350 quecunque
1399 3265 1514 3334 habere

391 3369 579 3456 dinoscitur,
596 3370 744 3437 conlecta
760 3389 857 3456 super
873 3389 923 3455 co,
941 3372 1027 3454 qnod
1044 3373 1118 3457 ipsa
1133 3377 1300 3457 possessio
1318 3373 1423 3459 ipsius
1433 3373 1476 3440 sit
1490 3377 1517 3439 et

390 3475 497 3562 luerit,
515 3475 666 3542 exhibere
682 3484 839 3546 teneatur.
856 3479 1019 3546 Terminis
1034 3482 1145 3565 itaque
1161 3483 1337 3549 secundnm
1354 3484 1514 3550 continen-

393 3582 477 3648 ciam
493 3583 637 3666 priorum
653 3585 834 3650 littcrarum
847 3592 1028 3652 nostrarum
1041 3586 1402 3677 exindeconlcctarum,
1413 3608 1516 3674 qnam·

391 3708 488 3772 quam
504 3689 662 3757 officiales
678 3692 824 3775 ipsarum
838 3691 1042 3759 dominarum
1058 3715 1201 3762 sororum
1218 3696 1441 3764 instrumenta
1466 3715 1515 3764 scu

393 3794 521 3866 litteras
538 3796 712 3864 earundem
729 3797 773 3863 ad
789 3798 1006 3866 exhibendum
1033 3805 1140 3886 parati
1164 3804 1304 3872 fuissent
1329 3825 1388 3889 per
1414 3812 1515 3893 partes

392 3904 592 3992 assumptis;
619 3911 727 3972 tomen
752 3905 839 3973 idem
865 3905 981 3975 (tomes
1008 3909 1041 3975 in
1068 3910 1213 3978 terminis
1239 3911 1378 3980 diuersis
1404 3916 1515 3982 instru-

389 4019 500 4080 menta
516 4031 573 4078 seu
589 4011 715 4080 litteras
732 4031 810 4080 snas
825 4013 859 4078 in
875 4011 962 4080 lacto
980 3998 1200 4099 possessionis
1227 4027 1406 4088 memorate
1433 4019 1516 4089 exhi·

387 4123 464 4187 bere
479 4139 543 4186 non
559 4119 707 4204 curauit;
722 4139 797 4206 ymo
813 4121 847 4186 in
862 4122 1001 4188 termino
1017 4123 1130 4191 ultimo
1147 4125 1191 4192 ad
1208 4135 1353 4197 nostram
1385 4149 1514 4214 presen-

389 4228 474 4296 ciam
489 4249 552 4294 non
568 4227 656 4294 uenit
673 4247 778 4312 neque
793 4228 898 4314 misit;
916 4229 1073 4298 officiales
1101 4251 1178 4300 vero
1204 4236 1410 4304 dominarum
1434 4256 1515 4304 soro·

388 4355 460 4404 rum
476 4333 697 4432 predictorum
714 4334 932 4403 exhibuerunt
946 4343 1100 4421 patentes
1117 4339 1245 4409 litteras
1257 4343 1380 4424 domini
1391 4345 1515 4414 Andree

387 4441 525 4512 illustris
541 4445 640 4528 Regis
655 4443 800 4528 Vugarie
816 4443 939 4510 domini
956 4445 1058 4513 nostri
1074 4449 1276 4532 superfacto
1292 4451 1378 4521 dicte
1393 4475 1514 4541 posses·

388 4549 491 4620 sionis
507 4552 671 4619 contectas
688 4551 772 4619 hunc
788 4560 931 4620 tenorem
949 4554 1164 4623 continentes.
