3132 5192
885 250 948 321 tot

348 473 437 520 rum:
469 455 613 540 exeeptis
643 451 739 520 rebus
753 457 786 517 et
810 443 1061 515 mereneionibue
1076 430 1320 511 ultramarinis,
1359 413 1495 506 quassi

348 562 545 630 Aneonitnni
577 559 773 648 portauerint
788 577 845 624 neu
870 551 992 641 portari
1017 547 1151 615 fecerint
1174 539 1261 624 apud
1292 528 1496 614 Ragusissm

347 676 477 754 propter
506 668 732 736 necessitatem
764 661 926 748 temporis,
941 657 993 724 vel
1023 653 1108 739 quod
1139 648 1231 716 nauis
1257 648 1407 728 aquamj
1442 635 1498 700 im·

350 776 501 860 mitteret,
532 776 583 844 vel
614 782 746 860 propter
762 773 906 838 timorem
923 763 1157 842 eureeriorum,
1181 756 1233 820 vel
1259 757 1412 838 propter
1442 743 1500 810 ali.

347 905 443 968 quem
469 884 570 950 eliam
595 881 832 963 neeeneituten3
849 874 936 961 quod
960 873 1057 939 licent
1080 867 1175 934 dietis
1199 857 1437 929 Anconitanie
1453 855 1500 918 di·

349 1001 419 1060 ntae
434 1012 486 1059 res
516 992 699 1059 discordare
731 995 763 1056 et
778 1005 927 1069 earcere,
942 989 975 1048 et
1005 977 1083 1045 inde
1092 973 1204 1041 redire
1229 973 1339 1037 libere
1369 972 1409 1030 et
1442 964 1498 1029 alr

349 1102 452 1167 solute
482 1100 554 1166 eine
586 1100 698 1181 ulique
731 1095 836 1162 daeie.
878 1092 935 1158 Sin
963 1095 1070 1154 eutem
1096 1077 1292 1149 Aneoniteni
1329 1067 1497 1139 vendide-

346 1207 410 1273 rint
425 1206 467 1274 de
477 1206 574 1274 dietis
590 1207 686 1272 rebus
702 1211 733 1270 et
749 1197 1006 1268 meroaeionibue
1022 1187 1251 1270 ultramarinis,
1267 1181 1365 1267 quod
1379 1179 1429 1244 ab
1446 1177 1497 1262 iie,

350 1333 433 1396 ques
464 1313 670 1380 vendiderint
691 1309 837 1394 Rugusii‚
853 1307 983 1374 noluant
1002 1301 1145 1385 quintum
1162 1294 1286 1364 valoris
1317 1289 1497 1356 dicturum

346 1421 598 1488 meronnoiarum
616 1416 820 1488 venditurum
850 1412 987 1498 Ragusij
1022 1405 1191 1476 Communi
1215 1399 1374 1484 Rngusij.
1412 1391 1498 1458 Item

346 1529 433 1612 quod
450 1527 654 1611 Anconitani,
671 1527 725 1610 qui
735 1545 807 1590 eum
824 1541 934 1588 eorum
950 1517 1089 1586 nauibus
1100 1522 1131 1580 et
1146 1512 1247 1596 lignis
1260 1503 1500 1593 applicuerint

346 1654 403 1704 eeu
413 1634 530 1702 inerint
539 1635 715 1718 Regneium
726 1639 758 1698 et
768 1632 839 1698 eins
848 1617 1337 1710 Distriotum,adarhoratioum
1349 1607 1496 1694 aliquod

349 1741 540 1808 soluendum
557 1729 756 1807 nullomodo
782 1742 963 1806 teneantur.
990 1735 1072 1798 Item
1098 1725 1186 1813 quod
1210 1726 1239 1793 si
1265 1722 1495 1802 contingeret,

347 1847 433 1930 quod
448 1847 643 1915 Anconitani
659 1853 788 1933 portent
812 1865 870 1913 eeu
885 1842 1011 1926 portari
1016 1838 1157 1928 ,sacient
1182 1831 1272 1921 apud
1298 1829 1495 1912 Regueinm

346 1957 398 2021 vel
414 1975 506 2022 suum
521 1953 710 2022 Distrietum
725 1955 837 2020 vinnm
852 1951 905 2017 rel
920 1950 1034 2033 nalem,
1051 1945 1138 2031 quod
1154 1943 1253 2008 lineat
1268 1939 1352 2025 ipsis
1383 1937 1491 2001 Aneo-

346 2059 466 2128 nitnnie
480 2063 552 2128 nine
567 2062 674 2145 utiquo
690 2061 786 2139 deeio
801 2067 834 2127 et
850 2057 1072 2144 penedietum
1098 2053 1201 2120 selem
1228 2058 1261 2114 et
1288 2048 1410 2111 vinum
1440 2062 1491 2107 ex·

347 2166 474 2232 uehere
489 2173 585 2234 extre
599 2169 778 2250 Ragonium
796 2173 829 2232 et
845 2165 1035 2231 Distriotnm
1054 2163 1124 2228 eine
1150 2159 1222 2225 sine
1248 2155 1367 2238 aliquo
1396 2145 1491 2215 derio

347 2277 379 2338 et
395 2291 480 2356 pena
495 2273 601 2356 diete3
620 2280 729 2340 tamen
746 2273 868 2338 dietum
887 2273 991 2338 selem
1007 2276 1038 2336 et
1054 2268 1165 2336 vinum
1182 2284 1246 2330 non
1263 2257 1492 2339 dineerelrent,

347 2397 407 2443 nee
422 2379 576 2465 vendunt,
593 2398 653 2444 neo
668 2379 790 2445 donent
806 2379 942 2462 Regueii
958 2377 1094 2460 eiusque
1112 2373 1281 2440 Distrietu.
1299 2369 1387 2434 Item
1400 2361 1488 2448 quod
1554 2449 1558 2456 Ι

346 2484 373 2548 ni
390 2475 548 2567 Reg'ueini
563 2485 672 2567 aliquo
688 2492 832 2569 tempore
841 2483 1040 2568 generaliter
1063 2480 1274 2567 prohiberent
1285 2477 1339 2568 50¹
1351 2473 1486 2542 ordina-

346 2597 426 2674 rent,
437 2592 521 2673 qund
531 2593 638 2660 nullus
647 2593 785 2659 forensis
795 2591 1069 2676 poesitnuuignre
1085 2609 1159 2656 eum
1173 2585 1440 2654 meroaeionibnn
1463 2598 1483 2644 a

345 2694 485 2776 Ragonio
500 2697 545 2762 ud
569 2703 678 2783 partes
703 2698 861 2765 Romenie
886 2707 919 2764 et
944 2697 1102 2764 laedentis
1133 2702 1167 2761 et
1182 2699 1278 2760 extra
1303 2687 1482 2774 (implum,

346 2816 406 2864 neo
421 2798 461 2864 de
478 2800 556 2885 ipsiu
572 2803 719 2887 pertibus
735 2804 894 2886 nauigare
909 2812 943 2872 et
957 2804 1071 2870 uenire
1096 2800 1278 2884 Regneinm
1305 2818 1381 2863 oum
1408 2813 1484 2858 mer-

346 2905 532 2975 eeeionibue
548 2908 691 2992 ipsorum
707 2910 852 2976 loeorum
882 2910 925 2976 ad
942 2919 1064 2976 uerum
1087 2927 1208 2994 penem
1225 2907 1278 2972 vel
1305 2925 1382 2970 oum
1398 2911 1483 2970 certo

347 3007 458 3096 deuio,
475 3012 561 3095 quod
585 3023 661 3084 tune
677 3015 873 3084 Aneoniteni
901 3018 1128 3084 tractabuntur
1153 3013 1295 3098 Regueii
1323 3013 1411 3078 sieut
1436 3007 1483 3080 illi

346 3112 498 3200 forenses,
516 3122 569 3202 qui
587 3123 711 3187 meliori
729 3121 922 3190 eondieione
938 3124 1186 3206 mactabantur3
1203 3127 1238 3191 et
1250 3120 1341 3206 quod
1353 3115 1482 3202 quaudo

346 3222 492 3302 predicte
507 3224 686 3308 prohibioio
710 3235 743 3294 et
768 3230 937 3296 ordineeio
962 3229 1020 3297 fiet
1045 3251 1105 3314 per
1132 3231 1312 3296 Commune
1340 3223 1474 3309 Rugusii

346 3327 590 3398 dennnoinbiter
605 3353 663 3416 per
678 3336 782 3418 ipsum
799 3337 978 3403 Commune
992 3339 1132 3422 Rugueii
1148 3357 1208 3424 per
1233 3338 1365 3404 litteras
1391 3331 1479 3398 Gom-

346 3432 433 3497 muni
448 3433 590 3503 Adeone.

452 3537 522 3614 Que
537 3546 645 3610 omnie
660 3553 692 3610 et
701 3545 830 3630 singule
853 3551 915 3616 eth.
927 3549 1043 3617 Actum
1053 3554 1089 3618 in
1120 3561 1219 3619 aneto
1250 3572 1311 3618 neu
1343 3545 1479 3637 prulello

346 3637 464 3754 pdaoij
482 3642 665 3717 Communis
682 3652 813 3720 Annene
827 3675 913 3722 enno
930 3659 1051 3725 M⁰CC⁰
1076 3661 1295 3742 nonugueimo
1322 3649 1478 3736 seeundo,

346 3739 400 3807 due
414 3743 468 3807 lV.
485 3751 601 3818 munnio
615 3755 714 3841 Junij.
732 3759 773 3844 (A
786 3763 907 3846 jegyzd
923 3766 1071 3833 altirtsa
1081 3772 1119 3833 ds
1129 3765 1259 3852 jegye.)

402 3936 490 3996 (1111.
503 3940 610 3998 ribodi
622 3945 748 4016 mlnolut,
761 3969 779 4005 ι
790 3955 865 4008 ttoni
880 3972 917 4010 cs.
932 3961 958 4010 lr.
974 3964 1059 4014 t-itlrnn
1072 3964 1218 4015 birodulmi
1234 3961 1429 4024 levelte'urbun.)

795 4237 1012 4260 ..ΙΙ-ιιι...-
