3132 5192
584 975 637 1042 76.

67 1169 132 1238 III.
149 1175 256 1238 Eadm
269 1174 377 1257 lrrurp
391 1171 583 1256 superparti,
599 1175 681 1260 loqu
698 1173 790 1255 Moya
808 1170 974 1236 mosteruek
989 1174 1114 1256 &eoppa
1130 1172 1191 1235 Bt-

67 1281 281 1374 lrdsmepyerea
296 1289 327 1346 e's
341 1305 360 1344 rr
377 1281 477 1344 danai
492 1283 623 1365 rzipeten
654 1282 720 1345 tde'r'
736 1279 870 1344 birtolrdt
887 1302 908 1341 a
925 1279 1025 1344 hedai
1041 1277 1182 1362 fereaez-
1302 1365 1305 1374 .

178 1391 274 1457 rendi
289 1389 579 1474 apdczazo'rddaalr
606 1388 951 1474 hapyomdapozlrassn.
979 1387 1076 1450 1293.

173 1587 241 1652 Nos
251 1583 402 1652 Andreas
414 1584 474 1648 Dei
486 1582 597 1666 grauia
607 1584 677 1648 Rex
687 1581 853 1668 Hungarie
863 1581 1016 1651 memorie
1032 1599 1190 1647 sommen-

2 1707 3 1770 ἶ
72 1695 186 1759 dantes
203 1692 423 1778 signifieamus
441 1691 557 1775 quibus
579 1690 712 1776 expedit
730 1689 890 1758 uniuersis
901 1714 908 1752 :
919 1689 1192 1773 quoduosomnes

2 1881 3 1884 Ἴ
66 1801 298 1889 possessiones,
315 1821 396 1883 quas
421 1801 540 1866 nobilis
566 1799 698 1865 domina
725 1799 841 1864 relieta
867 1797 1015 1880 Magistri
1039 1795 1132 1883 Moys
1158 1795 1192 1860 in

66 1911 185 1996 Magna
200 1910 312 1976 Insula
326 1916 359 1976 et
375 1910 479 1975 esiam
496 1928 595 1994 supra
612 1906 762 1973 Ueterem
780 1905 904 1972 Budam
921 1907 1030 1988 Meger
1040 1911 1190 1972 uoeatam

68 2040 104 2084 ex
118 2018 231 2102 gracia
245 2019 422 2085 illustrium
438 2019 562 2100 Regum
579 2017 747 2098 Hungarie
758 2015 998 2101 progenitorum
1009 2019 1190 2080 nostrorum

68 2127 177 2192 habuit
207 2133 238 2192 et
261 2123 406 2211 possedit
432 2123 464 2188 in
491 2124 559 2188 uita
575 2142 645 2204 sua,
671 2123 864 2188 dominabus
889 2121 1192 2188 sanctimonialibus

2 2258 4 2312 ;
69 2231 218 2299 videlieet
234 2253 302 2317 pro·
316 2230 423 2296 salute
449 2231 557 2294 auimo
583 2250 640 2297 sue
666 2231 699 2294 in
726 2230 820 2296 domo
847 2251 906 2297 sua
931 2231 1136 2296 manentibus
1160 2236 1192 2294 et

2 2326 3 2332 ἵ
68 2338 345 2424 commorantibus,
362 2337 552 2421 reliquimus
568 2345 598 2403 et
615 2337 820 2422 permisimus
837 2344 993 2420 perpetuo
1010 2343 1042 2402 et
1058 2335 1193 2420 paoifioe

2 2426 4 2444 ¹
66 2437 286 2531 possidendas.
303 2445 421 2511 Datum
437 2445 528 2512 Bude
553 2444 633 2511 teria
650 2445 752 2512 tercia
778 2446 928 2530 proxima
955 2451 1029 2531 post
1055 2451 1188 2510 oetauas

2 2568 4 2610 l
69 2552 275 2621 Pentecostes
301 2573 386 2620 anno
403 2552 533 2619 Domini
549 2551 669 2619 ΜοΟΟο
685 2553 893 2636 nonagesimo
911 2551 1021 2618 toreio.

70 2749 393 2815 (HLEndrekirdlynuls
409 2751 587 2802 less-trorum
614 2747 980 2815 megerdsr'tdokmslnydbdl
1007 2751 1075 2800 mint
1097 2745 1179 2799 altbb

2 2835 6 2860 ”
324 2842 404 2894 ndhsi
418 2843 457 2892 dr.
471 2831 557 2892 &tutta
571 2826 689 2906 lgosron
707 2841 906 2908 kitzlemr'enye.)

526 3133 737 3142 *Μ

2 3727 6 3788 i
78 3726 133 3821 HI.
148 3730 257 3796 Eraria-e
288 3727 397 3814 ttrotp
429 3727 676 3814 delybeutrappja
692 3753 713 3792 a
731 3727 801 3814 hup
818 3728 986 3816 Domeros,
1013 3732 1044 3795 ta
1059 3733 1196 3798 Ldrr'rrez

76 3848 184 3916 mester,
207 3839 300 3939 Pe‘ter
331 3835 463 3921 dctufla,
480 3836 573 3916 lezrt,
594 3833 701 3919 Goyut
716 3842 793 3900 steort
816 3837 924 3923 foldet
955 3843 1112 3924 tdrqyozo
1123 3865 1193 3917 per·

495 3948 672 4030 eppesstpet.
694 3945 792 4007 1293.

2 4155 3 4162 χ
172 4085 323 4152 Andreas
349 4086 409 4154 Dei
434 4088 546 4169 grauia
572 4089 641 4152 Rex
666 4087 833 4172 Hungarie
859 4090 1011 4156 memorie
1030 4109 1132 4155 nomm
1144 4109 1196 4154 en-

79 4189 419 4277 rlantessignifieamus
444 4195 604 4261 uniuersis
629 4196 744 4278 quibus
771 4196 903 4280 expedit
929 4218 987 4280 per
1015 4203 1193 4284 presentes,

2 4289 3 4316 ³
79 4301 153 4380 quod
169 4302 359 4366 Dominieus
377 4301 483 4367 dietus
500 4302 569 4387 Zup
587 4323 627 4370 ex
643 4325 708 4370 vna
724 4311 825 4388 parte,
842 4324 881 4369 ex
898 4304 1002 4369 altera
1027 4324 1103 4372 vero
1128 4305 1195 4370 Ma-

82 4406 171 4486 gister
187 4409 386 4476 Laureneius
401 4409 487 4475 filius
503 4409 591 4476 Petri
616 4412 698 4477 Bani
725 4411 938 4496 personaliter
965 4430 1073 4478 soram
1098 4409 1192 4477 nobis

2 4580 3 4584 Ἰ
83 4517 246 4605 constituti,
263 4515 348 4584 idem
370 4518 559 4584 Dominious
576 4519 657 4587 dixit
673 4527 706 4587 et
722 4519 887 4587 eonfessus
906 4527 954 4586 est
975 4520 1195 4588 oraculouine

2 4635 3 4642 ¹
79 4621 167 4706 noeis,
189 4623 351 4708 quandam
369 4628 605 4711 possessionem
623 4628 727 4713 ipsius
744 4627 888 4712 Magistri
901 4627 1071 4712 Laureneij
1086 4627 1195 4712 eayul

1050 4739 1090 4808 8*
