3180 5202
936 319 1003 392 too

292 501 299 511 ⁶
409 514 836 609 piendooumterradesola
853 561 892 571 -
919 559 951 569 -
971 559 1016 570 -
1034 528 1084 588 cst
1101 523 1185 588 inter
1195 521 1384 604 magistrum
1398 519 1513 590 llichae·
1562 591 1564 598 ,

411 631 474 697 lom
491 637 522 698 et
537 629 622 698 filios
639 631 805 717 Ohepani,
836 627 966 696 Andree
998 634 1030 696 et
1045 627 1177 695 Martini
1207 648 1310 714 usque
1341 628 1384 695 ad
1397 637 1516 696 meatum
1559 599 1564 690 l

411 757 505 825 aque,
516 745 721 824 queseparat
731 740 815 805 inter
832 737 1023 821 magistrum
1038 737 1253 804 Laurencinm
1269 737 1517 815 antedictum3ie

411 848 517 913 seruis
534 852 651 932 autem,
669 845 834 914 libertinis
850 851 882 912 et
897 845 1026 912 ancillis
1042 843 1146 911 eidem
1172 844 1330 928 magistro
1345 843 1517 914 Zumuroer-

411 954 531 1022 sissent
541 961 624 1022 et—
639 952 982 1022 issent--aneilla
991 972 1064 1020 cum
1075 950 1201 1020 duobus
1210 951 1289 1036 filijs
1299 952 1367 1019 suis
1377 953 1519 1036 elluatus
1562 937 1564 1004 ἶ

412 1060 544 1129 filiabus
559 1061 638 1147 suis,
665 1061 810 1128 Rusineh
826 1081 898 1128 oum
914 1060 1029 1127 maiori
1045 1061 1114 1127 filia
1129 1080 1199 1144 sua,
1216 1067 1248 1126 et
1264 1078 1350 1126 unus
1365 1059 1519 1148 libertinus,
1562 1039 1564 1168 l

412 1169 534 1236 Paulus
549 1168 674 1236 scilicet
690 1169 773 1239 lilius
790 1172 895 1248 Ereu3
922 1169 964 1236 de
988 1168 1251 1254 possessionibus
1266 1176 1379 1236 autem
1401 1168 1518 1254 ipsorum
1562 1181 1564 1226 ἲ

413 1277 478 1362 ipsi
488 1279 644 1362 magistro
659 1279 780 1346 Zumur
789 1299 862 1346 eum
872 1278 974 1346 tribus
983 1276 1138 1346 fratribus
1154 1278 1231 1364 suis,
1244 1276 1423 1344 Laureuoio
1433 1275 1520 1344 videli-
1562 1263 1564 1312 ἦ

414 1391 474 1470 cet,
485 1385 636 1454 Michaeli
649 1393 681 1453 et
696 1387 800 1455 Paulo
816 1387 992 1454 cessissent
1007 1387 1107 1470 Sanc,
1117 1385 1208 1470 Arpa
1218 1392 1251 1452 et
1264 1385 1373 1469 Bunn,
1383 1391 1414 1452 et
1422 1392 1520 1451 terram
1562 1453 1564 1474 Ι

413 1494 606 1579 populorum
634 1495 830 1562 Waraslrate
854 1494 949 1560 fratri
973 1495 1097 1578 Paulo;
1129 1498 1271 1561 castrum
1296 1514 1374 1561 vero
1400 1493 1522 1578 ipsorum
1563 1539 1564 1570 1

417 1600 573 1670 Ohezmus
589 1609 739 1669 vocatum
755 1621 828 1669 oum
843 1608 930 1668 terra
946 1600 1111 1688 adipsum
1128 1609 1267 1668 castrum
1283 1601 1442 1687 spectanti
1454 1621 1521 1668 com·
1561 1585 1564 1622 ³

413 1707 552 1776 munitor
566 1709 778 1795 possiderent,
789 1715 821 1776 et
836 1745 879 1757 -
889 1745 933 1757 -
944 1745 987 1757 -
1005 1715 1226 1777 totamterram
1242 1709 1339 1775 Rada
1354 1728 1425 1775 oum
1439 1709 1520 1774 omni·
1563 1709 1564 1794 ᾗ

413 1817 473 1882 bus
488 1816 683 1883 utilitatibus
694 1819 761 1884 suis
773 1824 804 1882 et
818 1817 1028 1902 pertinencijs
1043 1817 1202 1885 uniuersis
1216 1837 1275 1903 pro
1292 1837 1358 1884 usu
1373 1836 1429 1884 suo
1443 1815 1520 1880 hale-

375 1991 378 1997 ,
414 1928 493 2008 rent,
518 1921 649 2006 iobagio
666 1959 710 1971 -
728 1961 767 1971 -
786 1928 941 2007 -prout
964 1922 1177 1992 dinoscuntur
1201 1923 1321 1989 habere
1338 1923 1521 2004 abantiquo.
1562 1939 1564 2014 ζ

413 2029 555 2114 Vtigitur
572 2030 667 2098 huius
694 2029 865 2098 diuisionis
886 2033 987 2098 series
1001 2034 1098 2099 robur
1113 2038 1270 2118 perpetue
1284 2031 1445 2098 firmitatis
1458 2030 1521 2096 obti-
1563 2065 1564 2074 =

413 2142 500 2222 neat,
524 2157 585 2204 neo
609 2157 667 2223 per
691 2139 874 2224 quempiam
898 2138 1041 2222 ipsorum
1066 2139 1229 2206 inin-ritum
1246 2139 1361 2206 ualeat
1376 2137 1425 2204 uel
1439 2135 1521 2222 possit
1561 2145 1564 2214 l

414 2245 593 2330 retractari,
611 2245 654 2312 ad
678 2245 872 2312 instanciam
889 2253 923 2313 et
938 2245 1131 2330 peticionem
1149 2246 1293 2332 ipsorum
1309 2245 1375 2332 ipsi
1390 2245 1520 2330 magistro
1562 2215 1564 2280 ξ

415 2351 534 2418 Zomnr
558 2360 726 2438 presentes
756 2359 906 2436 patentes
937 2353 1063 2420 litteras
1094 2359 1224 2422 nostras
1255 2353 1408 2421 duximus
1429 2351 1520 2419 confir·
1562 2335 1564 2358 ¹

415 2455 562 2528 mandas.
595 2460 716 2524 Datum
748 2460 781 2525 in
813 2459 940 2526 octauis
974 2459 1086 2528 Sancti
1118 2461 1235 2529 Jaoohi
1276 2460 1427 2547 Apostoli
1454 2479 1520 2525 anuo
1562 2449 1564 2470 ‘

414 2566 543 2634 Domini
559 2567 730 2636 millesimo
747 2569 980 2638 trecentesimo.
1562 2571 1564 2588 ³

499 2764 667 2830 (Eredeties
686 2767 780 2819 Konde
799 2765 894 2823 osalld
908 2765 1107 2820 levsltlrlban.
1121 2768 1200 2822 Ktrli
1213 2771 1311 2821 Knsuc
1325 2765 1451 2833 Nlndor.)
1563 2795 1564 2800 =

875 3055 1089 3065 n—-n—-n—

936 3463 1012 3554 sca.

413 3654 445 3718 A
460 3657 610 3742 pozscqoi
626 3657 845 3743 ku'ptaiacaalc
855 3660 1002 3743 jelente'sa
1017 3655 1290 3728 RomasiaoIII.
1308 3662 1422 3728 Endre
1435 3658 1523 3740 kirtly

416 3763 577 3848 artyjctlroz
594 3787 615 3828 a
626 3769 831 3851 porancadra
861 3765 1008 3830 Demeter
1040 3768 1150 3832 edroi
1171 3768 1316 3854 sciapodas
1340 3773 1373 3833 c's
1397 3769 1522 3851 Lampo

674 3893 769 3936 comes
775 3873 844 3954 flat
862 3863 1523 3970 mettujoosurot.1oee.ptm‚mls

461 4129 466 4136 ,
523 4062 704 4130 Excellenti
737 4065 864 4134 domine
895 4087 954 4135 sue
970 4069 1029 4136 Th.
1060 4071 1157 4146 matri
1176 4071 1320 4138 ”Andree
1344 4072 1405 4138 Dei
1428 4065 1522 4154 gracia

413 4163 554 4234 illustris
570 4169 671 4254 Regis
687 4171 850 4258 Vugarie,
866 4175 1006 4244 Ducisse
1036 4178 1141 4246 tocius
1172 4179 1359 4266 Solanonie,
1377 4185 1408 4244 el
1422 4175 1522 4244 Guber-

413 4272 529 4340 natrioi
555 4275 705 4342 Paroium
736 4278 1051 4353 Citradanubialium
1083 4307 1187 4372 usque
1217 4309 1326 4374 mare,
1361 4281 1521 4371 Capitulum

415 4376 509 4444 Beati
525 4381 614 4448 Petri
630 4382 670 4450 de
685 4385 837 4470 Posagha
855 4390 1027 4460 oraciones
1051 4393 1085 4460 in
1101 4394 1254 4464 Domino.
1270 4395 1412 4463 Litteras
1426 4391 1522 4458 chlrt
1562 4445 1564 4456 ι

414 4481 657 4567 Magnificencie
674 4501 857 4561 reuerenter
872 4498 1051 4583 recepimus
1067 4501 1102 4567 in
1119 4503 1181 4572 lreo
1196 4503 1315 4570 uerba:

522 4592 662 4663 Domina
679 4597 740 4664 Th.
758 4599 797 4664 D.
814 4619 863 4686 gr.
881 4609 985 4672 mater
1002 4606 1125 4676 domini
1140 4608 1272 4680 Andree
1288 4605 1426 4676 illustris
1439 4595 1520 4682 1³03ss
