3132 5192
888 1015 963 1087 tol.

379 1193 428 1259 Ae
445 1201 633 1283 carterpame’
655 1201 882 1288 lcdptclnuuole
907 1200 1187 1286 discupae'pleccle,
1212 1199 1297 1286 luopy
1313 1221 1333 1262 a
1357 1194 1497 1282 qurridi

377 1305 505 1370 omae
529 1307 597 1373 t'o'dd
605 1307 768 1404 jodddpya
783 1308 972 1375 Sedeseubcc
995 1309 1066 1373 lc'cd
1087 1305 1273 1372 dirtclrclcct
1305 1305 1424 1372 Fartus
1445 1325 1494 1368 en·

644 1437 715 1495 raca,
737 1415 857 1482 Felices
862 1414 981 1516 fiducie
995 1415 1114 1482 eludta.
1131 1414 1229 1481 1291.

637 1575 666 1642 a
904 1573 953 1666 n
1214 1570 1240 1638 e

429 1755 436 1766 ’
489 1769 658 1839 Vniuersis
674 1769 795 1838 Christi
811 1771 963 1840 fidelibus
985 1777 1152 1858 presentes
1167 1769 1297 1838 litteras
1315 1765 1500 1854 inspecturis

378 1877 568 1964 Capitulum
585 1879 731 1948 Ecclesie
746 1879 982 1964 Strigonicnsis
998 1877 1138 1946 sulutem
1161 1877 1195 1945 in
1226 1879 1368 1943 Domino
1383 1873 1493 1958 sempi-

378 1991 514 2053 ternam.
533 1986 584 2053 Ad
601 1987 824 2054 uniuersorum
840 1986 992 2053 noticiam
1009 1993 1121 2054 tenore
1139 1985 1341 2072 presencium
1354 1983 1497 2050 volumno

377 2093 566 2176 peruenire:
596 2093 683 2177 qnod
707 2093 859 2177 Wytulns
885 2100 916 2158 et
941 2093 1025 2159 Pctk
1052 2093 1110 2176 filij
1138 2091 1301 2176 Gregorij,
1327 2097 1359 2155 ct
1383 2089 1497 2155 Paulus

377 2201 462 2269 lilius
478 2199 620 2266 eiusdem
638 2201 799 2284 Wytalus‚
815 2221 874 2285 pro
890 2221 926 2267 se
943 2209 976 2267 et
992 2221 1049 2284 pro
1068 2199 1245 2266 Benedicta
1261 2197 1363 2264 tratre
1380 2217 1436 2264 suu
1460 2194 1497 2261 dc

376 2309 509 2389 Fulons,
523 2306 718 2391 jobagicnrs
734 2305 838 2373 Gastri
855 2309 898 2374 de
929 2307 1084 2391 Neugrad
1101 2305 1144 2371 ad
1162 2313 1306 2372 nostram
1324 2303 1495 2390 personali·

378 2425 428 2483 ter
444 2415 636 2483 accedentes
652 2415 852 2500 presenciam
869 2415 1009 2482 confessi
1026 2422 1109 2499 snut,
1121 2415 1205 2481 duas
1218 2420 1327 2500 partes
1339 2411 1496 2480 cuiusdam

377 2531 461 2591 terre
477 2543 535 2590 sue
551 2522 746 2590 hereditarie
761 2523 888 2589 chben
905 2521 1116 2607 vocateipsos
1129 2521 1367 2604 contingentes,
1385 2521 1444 2585 sitc
1459 2520 1498 2584 ui-

376 2628 497 2694 delicet
512 2627 598 2693 intra
614 2629 854 2711 possessionem
872 2629 1023 2713 Farkusij
1042 2629 1177 2696 Comitis
1196 2627 1252 2712 filij
1272 2627 1399 2694 Fullrns
1416 2625 1495 2692 simi·

375 2734 451 2801 liter
466 2735 594 2801 Zechen
610 2739 735 2822 uocato,
752 2735 941 2802 uendidisse
956 2755 1029 2801 emn
1046 2735 1194 2801 omnibns
1220 2734 1414 2802 vtilitatibus
1437 2733 1499 2800 suis

375 2838 482 2906 eidem
494 2839 655 2907 Farlrasio
665 2840 782 2906 Occulti
794 2841 851 2926 filij
864 2839 950 2929 (igy)
961 2841 1096 2929 Fullsus,
1111 2849 1143 2910 et
1153 2864 1210 2930 per
1220 2865 1292 2910 curn
1304 2844 1373 2911 suis
1383 2840 1495 2909 heredi·

378 2947 439 3015 bus
464 2947 684 3031 heredumque
709 2967 841 3014 suornm
866 2949 1107 3017 successoribus
1134 2971 1192 3037 pro
1219 2951 1334 3038 viginti
1361 2951 1497 3036 quinque

377 3057 494 3123 marcis
510 3043 628 3142 partim
644 3053 678 3119 in
695 3061 831 3138 argento
848 3062 881 3120 et
905 3055 1072 3139 partimin
1098 3059 1309 3127 estimet-ione
1331 3057 1497 3140 condigna,

377 3183 435 3250 per
450 3163 555 3248 ipsum
573 3159 731 3228 Comitem
746 3160 942 3228 Farkasium
959 3163 1103 3247 plenarie
1120 3165 1246 3252 solutis,
1262 3174 1294 3232 et
1304 3188 1363 3253 per
1374 3165 1496 3235 eosdem

298 3321 308 3332 .
379 3271 530 3357 Wytulus
546 3277 578 3336 et
593 3268 677 3336 filios
692 3288 780 3353 suos,
794 3289 854 3335 nee
869 3289 932 3336 non
943 3270 1028 3336 Pctk
1052 3270 1184 3338 fratrem
1202 3273 1284 3359 eins,
1303 3274 1499 3358 integraliter

374 3375 526 3463 receptis,
544 3383 700 3463 perpetuo
716 3385 749 3442 et
764 3375 899 3462 pacitice
915 3375 1153 3462 possidendas;
1170 3379 1232 3444 sub
1258 3379 1382 3448 eisdem
1408 3383 1496 3448 metis

374 3493 408 3550 et
435 3483 592 3566 terminis,
618 3486 737 3568 quibus
761 3483 860 3570 ijdem
884 3483 1076 3571 habueruut,
1101 3493 1284 3574 tenuerunt,
1312 3497 1344 3556 et
1370 3491 1498 3578 pacifice

372 3593 592 3678 possederunt.
608 3593 660 3658 ltu
686 3591 849 3674 uidelicet,
864 3601 899 3658 vt
909 3593 1164 3678 quandocunque
1180 3604 1213 3662 et
1229 3617 1498 3684 pcrqnoacuuqne

375 3704 525 3784 protextu
551 3700 751 3784 prelatorum
776 3699 911 3766 duarum
939 3700 1082 3785 porcium
1107 3708 1190 3770 trrrc
1215 3713 1392 3772 memorate
1418 3708 1496 3773 idem

302 3859 305 3866 ,
376 3803 494 3875 Comes
520 3807 700 3874 ldarkasius
726 3807 778 3875 uel
801 3807 850 3872 sui
876 3809 1078 3893 posteritates
1093 3810 1326 3897 inpeterentur,
1353 3813 1497 3898 Wytalns

375 3923 409 3982 et
423 3914 475 3982 sui
492 3914 641 4000 predicti,
658 3934 717 3982 nec
734 3935 796 3982 non
809 3914 893 3981 Petk
904 3913 1275 4002 supradictusexpedire
1286 3922 1494 4004 tenebuntur;

374 4030 470 4108 prout
483 4043 520 4092 se
533 4021 578 4090 ad
591 4021 654 4088 hoe
670 4021 799 4088 firmiter
816 4023 1011 4108 obligarunt,
1036 4025 1177 4110 proprijs
1193 4025 1361 4093 laboribus
1386 4037 1420 4095 et
1450 4049 1495 4095 cx·

374 4131 495 4216 pensis.
512 4129 549 4197 In
567 4131 660 4196 cuins
677 4133 721 4196 ret
739 4130 959 4198 testimonium
977 4138 1146 4218 presentes
1162 4136 1381 4204 concessimus
1398 4137 1493 4223 sigilli

373 4239 475 4306 nostri
498 4237 674 4304 munimine
690 4239 868 4306 roboratas.
889 4239 1008 4306 Datum
1033 4261 1119 4308 anno
1147 4241 1274 4308 Domini
1301 4243 1422 4311 ΜῦΟΟο
1446 4266 1491 4313 no·

371 4347 541 4435 nogesimo
557 4355 682 4433 quarto,
699 4347 806 4432 pridie
816 4346 977 4415 kalendas
994 4348 1122 4434 Aprilis.

372 4543 512 4618 (Eredetic
524 4543 697 4614 bdrbeirtydn,
711 4543 824 4612 melyrb'l
836 4560 854 4597 ι
866 4541 958 4612 peccet
972 4551 1049 4598 rdr'ds
1064 4544 1288 4612 selycmesiudron
1312 4551 1381 4619 titgg
1392 4569 1399 4606 t
1412 4567 1430 4604 a
1449 4555 1488 4604 bu·

711 4637 755 4690 dal
769 4636 819 4688 lnir.
835 4629 957 4688 kamarsi
971 4633 1161 4706 tcvttrtrban.)
