3124 5194
111 1197 234 1282 Anjoui
250 1195 383 1264 Martell
410 1195 603 1284 Kdrolydl.
629 1198 757 1285 Kdroly
782 1199 940 1264 czicziliai
963 1201 1074 1287 kiru'ly
1091 1201 1144 1285 fia
1167 1201 1239 1268 Mu·

296 1311 499 1392 ppurorazciq
514 1305 709 1392 lircilycinalc
726 1308 882 1390 czr'mjtccl
898 1308 936 1371 cl.
954 1307 1052 1374 1295.

218 1499 361 1566 Karalus
377 1497 520 1566 illustris
535 1500 633 1585 Regis
649 1501 833 1568 Jerusalem
850 1507 883 1567 et
898 1501 1010 1568 Sicilie
1047 1503 1239 1588 primogeni-

110 1613 172 1691 tus,
187 1606 252 1672 Dei
268 1607 381 1691 gracia
396 1609 468 1673 Rex
483 1607 625 1691 Vagarie
635 1659 645 1692 ,
674 1607 829 1693 Princeps
853 1609 1089 1696 Salernitanus,
1115 1619 1147 1676 et
1171 1610 1245 1696 Hos

109 1715 201 1779 noris
218 1715 337 1781 Montis
353 1715 463 1782 Sancti
480 1715 599 1798 Augeli
616 1715 787 1802 Dominus,
803 1715 966 1784 vniuersis
992 1727 1160 1803 presentes
1187 1719 1238 1783 lit·

110 1827 200 1888 teras
217 1821 410 1908 inspecturis
427 1822 573 1889 salutcm.
589 1823 669 1888 Cum
686 1823 720 1888 in
737 1829 877 1889 tractatu
892 1824 1088 1910 matrimonij
1115 1832 1240 1892 contra-

109 1927 152 1994 cti
169 1928 259 1994 iuter
273 1929 376 1995 virum
393 1929 598 2014 Magnificum
615 1928 780 1996 dominum
796 1931 951 1997 Karolum
968 1930 1058 1999 clare
1083 1935 1239 2000 memorie

109 2032 232 2100 domini
258 2035 401 2122 Philippi
427 2037 525 2120 Regis
549 2038 688 2107 Francia
713 2038 823 2122 filium,
849 2038 1028 2106 Alauaonis
1055 2046 1088 2106 et
1113 2039 1237 2124 Valesij

109 2143 280 2227 Comitem,
286 2149 317 2208 et
326 2141 490 2209 dominam
503 2144 712 2229 Margaritam
723 2143 920 2212 carissimam
931 2165 1071 2211 aurorem
1083 2153 1238 2232 nostram,

108 2258 196 2316 certe
213 2250 279 2315 sint
296 2250 404 2318 habite
429 2258 462 2318 et
485 2251 611 2320 firmate
636 2253 875 2319 cunucncionns
900 2253 984 2320 iuter
1008 2253 1239 2322 Serenissimos

108 2357 293 2446 Principes,
310 2355 475 2426 domiuum
491 2359 649 2428 Karalum
665 2358 827 2426 illustrem
852 2361 973 2444 Regem
999 2361 1181 2428 Jerusalem
1207 2368 1240 2428 et

109 2465 224 2531 Sicilie
240 2471 365 2550 patrem
381 2471 527 2534 nostrum
543 2486 585 2532 ex
602 2487 668 2534 vna
683 2473 787 2554 parte,
804 2487 843 2534 ac
861 2465 1023 2535 daruinum
1050 2468 1239 2556 Philippum

109 2571 251 2640 Fraueie
268 2575 391 2659 Regem
407 2573 723 2640 Exccllentissimum
739 2594 798 2640 suo
815 2595 855 2640 ac
869 2574 972 2660 ipsius
988 2573 1108 2642 domiai
1120 2576 1237 2644 Karoli

110 2679 259 2764 germani
276 2681 327 2747 sui
344 2679 472 2747 nomine
489 2701 531 2748 ex
548 2679 671 2766 altera;
689 2690 783 2768 prout
793 2680 1033 2750 conuencicnes
1053 2680 1238 2750 huiusmodi

112 2786 318 2854 continentur
335 2807 485 2871 expresse
500 2789 534 2854 in
551 2787 665 2854 litteris
691 2788 794 2872 ipsius
821 2787 979 2872 genitoris
1004 2791 1104 2856 nostri
1129 2791 1238 2876 sigillo

111 2892 279 2977 sigillatis,
295 2913 358 2976 que
374 2893 421 2962 sic
436 2893 598 2980 incipiunt
623 2894 655 2960 in
682 2894 734 2962 sui
759 2894 968 2961 narracione:
997 2895 1145 2979 ,Tenere
1169 2917 1239 2983 pre-

112 3001 257 3068 sencium
273 3007 384 3068 natum
400 3000 537 3068 facimus
553 3001 722 3088 uniuersis,
738 3002 825 3082 quod
841 3021 914 3068 cum
940 3021 1000 3067 nos
1025 3003 1166 3069 obtentis
1190 3024 1240 3071 su·

111 3129 169 3194 per
185 3107 248 3174 hoc
264 3107 399 3175 licencia
414 3115 446 3175 et
460 3127 596 3177 assensu
612 3110 826 3177 Sacrosancte
851 3111 997 3174 Romane
1023 3108 1169 3176 Ecclesie
1195 3116 1240 3176 et·

112 3213 252 3301 cctera,“
270 3215 365 3283 etsie
381 3217 593 3285 terminantur
610 3225 686 3284 ante
702 3214 833 3284 danum:
853 3217 1043 3302 ,Presentes
1061 3216 1187 3286 litteras
1197 3219 1240 3284 si-

112 3323 191 3406 gillo
207 3330 319 3391 nostro
334 3324 468 3394 fecimus
485 3321 718 3392 communiril:
735 3323 813 3410 Nos,
831 3325 885 3407 qui
902 3344 943 3391 ex
958 3322 1068 3390 filialis
1090 3322 1237 3396 deuocio-

112 3431 165 3499 uis
181 3430 338 3501 instinctu
352 3452 543 3502 concurrere
558 3453 630 3500 cum
646 3432 792 3519 paternis
808 3429 1023 3518 beneplacitis
1033 3429 1236 3520 affectamus,

1 3549 2 3552 ’
112 3547 226 3607 actum
242 3537 379 3607 facimus
396 3541 556 3608 uniuersis
572 3545 638 3606 tam
654 3539 859 3626 presentibus
874 3560 972 3624 quam
989 3539 1125 3624 futuris;
1152 3541 1240 3624 quod

113 3646 354 3713 conuencicnes
371 3647 546 3734 predictas,
564 3667 703 3715 necnon
729 3645 977 3732 alienacioncm‚
1002 3647 1240 3731 quietacionem

112 3761 145 3822 et
159 3753 393 3822 tradiccicnem
409 3753 443 3820 in
460 3754 547 3820 dictu
563 3760 705 3822 tractatu
721 3754 916 3838 matrimonij
934 3755 1040 3821 factas
1057 3773 1116 3841 per
1132 3753 1238 3839 ipsnm

112 3860 280 3928 dominum
312 3869 438 3948 patrem
463 3867 607 3928 nostrum
633 3861 719 3928 dictu
744 3861 876 3928 domino
903 3863 1024 3930 Karolo
1049 3861 1115 3927 filio
1140 3862 1240 3945 Regis

112 3967 266 4054 Francie,
283 3988 322 4036 ac
338 3969 483 4054 predicto
500 3967 634 4036 domino
644 3968 725 4052 Regi
740 3970 906 4055 Philippa,
924 3969 1016 4036 cuius
1032 3968 1240 4053 ipsegerma·

112 4097 173 4143 nus
190 4075 311 4163 existit,
328 4075 369 4142 de
385 4075 599 4142 comitatibus
615 4074 809 4158 Andcgauie
825 4084 857 4143 et
873 4074 1079 4161 Cenomanie,
1097 4093 1167 4139 cum
1185 4073 1240 4138 hc

111 4183 264 4266 minibus,
280 4181 429 4268 vasallis,
441 4181 733 4269 jurisdictionibus,
745 4181 875 4268 juribus
891 4191 923 4248 et
939 4179 1149 4268 pertinencijs
1175 4199 1239 4246 om·

111 4291 207 4357 nibus
226 4287 443 4356 Comitatnum
460 4288 645 4375 eorundem,
664 4295 761 4373 prout
776 4289 835 4356 hec
852 4288 961 4354 omnia
976 4287 1010 4352 iu
1020 4273 1173 4372 predictis
1184 4285 1235 4353 lit·

112 4397 189 4466 teris
207 4397 424 4481 continentur,
435 4395 595 4482 volumus,
609 4395 791 4478 laudamus,
804 4403 894 4461 ratas
905 4403 936 4460 et
946 4402 1057 4479 gratas
1070 4393 1237 4479 habemus,

113 4511 146 4574 et
160 4513 274 4573 tenore
290 4502 494 4591 presencium
509 4505 739 4590 approbamus,
756 4508 904 4569 nastrum
921 4501 955 4567 in
971 4500 1125 4587 predictis
1139 4499 1240 4566 omni·

124 4616 197 4704 bus,
213 4611 311 4680 nobis
325 4631 364 4680 ex
380 4611 507 4695 integro
531 4611 682 4699 perlectis
708 4616 740 4676 ct
764 4609 894 4698 plenius
917 4609 1145 4698 intelligentes,
1170 4625 1241 4700 pre·
