3124 5194
617 1005 692 1073 168.

59 1197 338 1287 Anappvdrodi
371 1203 597 1290 kdptolaonalr
620 1205 901 1291 bizonysdgleuele,
935 1207 1019 1292 bopy
1048 1202 1209 1273 Gerousa

59 1311 317 1396 oemaetse'pdeli
331 1312 440 1394 Peter,
454 1312 706 1397 Ialdesnakfla,
718 1314 845 1397 Romod
853 1313 1009 1400 helyalga
1018 1336 1209 1400 appanowa

60 1420 316 1505 nemaetsetpbeti
330 1421 421 1485 Peter
447 1422 609 1505 eonaesnele,
625 1421 723 1508 Drap
738 1423 970 1507 ooonesfidoolt,
988 1421 1095 1487 elodta
1112 1423 1211 1486 1196.

358 1635 387 1700 A
650 1639 676 1704 B
893 1636 918 1702 G

178 1830 377 1918 Capitulum
393 1832 541 1901 Eoelesie
566 1834 791 1902 waradiensis
807 1831 955 1900 omnibus
972 1830 1091 1900 Christi
1107 1828 1214 1910 fideli,

62 1936 123 2004 bus
140 1959 290 2024 presens
314 1942 469 2028 seriptum
485 1943 679 2028 inspecturis
705 1943 842 2012 salntem
868 1942 901 2006 in
926 1942 1067 2007 Domino
1091 1941 1214 2024 sempi.

64 2051 210 2113 ternam.
227 2047 283 2114 Ad
313 2050 535 2118 uniuersorum
552 2051 707 2118 notieiam
723 2057 790 2117 tam
814 2049 1019 2136 preseneium
1050 2067 1148 2132 quarn
1164 2049 1213 2122 lu.

64 2159 220 2222 turornm
237 2155 352 2224 harum
368 2160 452 2225 serie
469 2160 616 2226 volumus
626 2159 807 2245 peruenire,
825 2157 910 2242 quod
926 2157 1022 2224 Petro
1037 2152 1209 2223 filioLuka

69 2259 109 2327 de
125 2283 259 2346 genere
269 2263 460 2334 Guthkolad
468 2269 511 2334 ab
523 2287 589 2333 una
599 2275 703 2354 parte,
713 2275 746 2335 et
757 2266 881 2334 Oomite
889 2264 986 2333 Petro
995 2263 1062 2332 lilio
1073 2261 1206 2330 Comitis

69 2367 165 2456 Drug
182 2371 230 2438 de
248 2372 366 2439 eadem
393 2375 611 2458 generacione
641 2396 701 2462 pro
717 2395 753 2442 se
769 2379 802 2442 et
817 2394 875 2462 pro
891 2371 1072 2440 Laurenme
1098 2389 1138 2437 ao
1152 2369 1207 2436 Ni·

72 2477 167 2546 eolao
185 2478 347 2548 fratribus
363 2481 430 2548 suis
446 2481 490 2548 ab
508 2481 615 2550 altera
633 2487 725 2567 parte
751 2501 860 2548 eoram
885 2481 981 2548 uobis
996 2477 1210 2566 personaliter

71 2586 281 2671 constitutis,
297 2585 384 2653 idem
399 2587 514 2654 Petrus
531 2587 617 2655 lilius
631 2589 728 2655 Lulra
745 2586 908 2673 quandam
924 2594 1042 2654 terram
1057 2605 1115 2654 seu
1130 2603 1211 2672 pos-

72 2695 259 2763 sessionem
275 2717 368 2763 suam
384 2697 616 2764 hereditariam
632 2697 758 2764 Romad
773 2704 926 2766 uocatam
942 2696 976 2763 in
992 2695 1157 2763 domitatu
1167 2693 1208 2760 de

74 2802 235 2870 Zothmar
249 2804 343 2870 iuxta
358 2803 491 2871 fluuium
506 2807 626 2873 Zomus
642 2807 845 2894 existentem,
862 2805 954 2873 euius
983 2803 1113 2889 quidem
1138 2821 1209 2888 pos·

74 2911 236 2978 sessionis
253 2911 489 2979 dimidietatem
506 2914 587 2999 ipsis
603 2914 679 2996 filijs
698 2911 833 2980 Comitis
850 2913 944 2994 Drug
960 2928 1020 2995 pro
1038 2909 1153 2978 desem
1178 2917 1210 2976 et

75 3023 145 3084 oete
162 3018 297 3104 mareis,
313 3018 411 3087 aliam
428 3040 505 3088 uero
521 3021 754 3087 dimidietatem
771 3018 917 3086 eiusdem
942 3016 1081 3084 Nioolao
1098 3017 1205 3100 Voya·

75 3124 158 3194 uode
176 3127 248 3193 lilio
265 3128 413 3213 Magistri
430 3130 577 3216 Maurieij
595 3151 655 3216 pro
673 3128 809 3214 triginta
833 3126 952 3193 mareis
963 3124 1092 3208 argenti
1103 3123 1209 3192 dietus

77 3233 195 3302 Petrus
212 3236 302 3321 prius
319 3258 355 3304 se
371 3238 500 3324 pignori
526 3239 691 3325 obligasse
707 3238 844 3320 dieebat,
863 3242 931 3303 tum
947 3254 1004 3320 pro
1020 3233 1095 3319 ipsa
1110 3251 1208 3318 peen-

76 3342 132 3408 nia
148 3343 309 3414 videlieet
326 3346 438 3414 decem
454 3356 486 3415 et
503 3339 576 3416 uoto
594 3346 716 3415 mareis
736 3368 777 3413 ex
797 3353 890 3431 parte
906 3345 1045 3412 filiorum
1070 3338 1205 3410 Comitis

77 3449 180 3539 Drug,
199 3460 233 3519 et
252 3475 311 3540 pro
337 3455 474 3538 triginta
490 3457 607 3524 mareis
638 3456 767 3540 argenti
800 3475 840 3521 ex
856 3459 948 3540 parte
964 3451 1043 3517 dieti
1073 3449 1205 3516 Nieolai

79 3557 272 3647 Woyauode
288 3564 437 3648 receptis,
455 3571 490 3628 ut
505 3564 715 3648 prediximus,
731 3569 799 3630 tum
815 3560 920 3628 eeiam
930 3559 963 3625 in
983 3556 1206 3626 eoneambium

79 3667 249 3734 cniusdam
279 3676 366 3736 terre
397 3691 454 3738 seu
478 3672 693 3758 possessionis
718 3671 879 3738 dietorum
903 3668 1041 3736 liliorum
1071 3665 1206 3734 comilis

80 3774 170 3859 Drng
188 3777 342 3865 Thulugd
356 3785 469 3844 uocate
486 3779 520 3844 in
537 3777 697 3845 Comitatu
714 3777 909 3863 Byhoriensi
925 3775 1106 3860 existentis,
1117 3770 1209 3842 dedit

82 3889 112 3947 et
126 3883 325 3970 assignauit,
342 3886 421 3969 quin
437 3888 550 3974 pooius
560 3885 707 3952 uendidit
722 3885 782 3952 sub
798 3883 892 3950 metis
909 3883 1005 3950 eertis
1021 3879 1206 3967 etantiquis

81 4009 151 4057 eum
167 3991 236 4057 suis
251 3991 457 4078 utilitatibus,
472 3993 596 4061 seilicet
610 3993 738 4074 tributo,
755 4001 787 4060 et
803 3992 940 4060 eoelesia
956 3990 990 4057 in
1000 3991 1124 4057 honore
1134 3989 1206 4056 Om-

80 4101 168 4164 nium
185 4101 377 4167 Sanetorum
392 4101 427 4167 in
444 4103 518 4188 ipsa
533 4108 621 4171 terra
637 4101 786 4183 fundata,
813 4101 942 4187 pisoiua
965 4099 999 4164 in
1025 4096 1124 4163 fluuio
1149 4096 1206 4162 Zo-

81 4227 160 4296 mus,
177 4229 217 4274 ae
234 4211 311 4296 alljs
328 4211 542 4296 pertineneijs
567 4210 739 4298 uniuersis,
764 4207 941 4296 sepedictis
968 4205 1044 4292 filijs
1071 4201 1204 4272 Comitis

81 4313 179 4402 Drug,
196 4325 228 4383 et
242 4337 301 4402 per
317 4317 404 4404 ipsos
421 4318 563 4404 ipsorum
589 4319 771 4404 heredibus,
797 4316 1016 4399 heredumque
1042 4329 1208 4380 sueoesso·

81 4425 178 4510 ribus,
196 4427 265 4492 inre
281 4436 439 4515 perpetuo
456 4437 488 4495 et
503 4428 757 4495 irreuoeabiliter
774 4421 1026 4513 possidendam5
1043 4418 1198 4508 quemad-

82 4533 209 4602 modum
226 4535 290 4621 ipsi
308 4537 365 4624 filij
384 4535 519 4604 Comitis
533 4537 627 4622 Dmg
652 4540 861 4604 memoratam
885 4527 1123 4618 possessionem
1151 4547 1202 4596 eo·

1 4651 2 4660 ’
83 4663 149 4708 rum
165 4644 316 4730 Thulugd
331 4647 530 4714 nominatam
557 4646 706 4712 similiter
731 4665 803 4714 eum
827 4639 894 4712 suis
919 4637 1123 4726 utilitatibus,
1150 4659 1201 4706 eo·
1300 4641 1302 4646 ’
