3234 5194
564 367 746 472 ges...

89 562 298 649 possessioni
314 561 546 650 Starnalclwa,
566 571 628 630 cta
643 569 735 648 perte
752 569 1007 652 septemtrionali
1025 571 1227 652 possessioni

88 669 242 755 Gumur3
260 675 292 738 et
308 671 343 736 in
358 671 585 758 progressione
606 671 750 738 ciusdem
762 672 815 738 uic
829 674 955 758 giratur
964 675 1008 741 cd
1017 673 1226 762 occidentem,

91 782 124 842 ct
139 779 304 862 peruenit
330 777 373 846 ad
401 778 562 863 quendam
589 785 729 846 meatum
761 778 856 846 riuuli
873 781 914 847 dc
939 781 1078 862 quodam
1110 788 1227 864 stagno
1267 817 1270 822 ·

88 885 228 951 nomine
243 883 393 971 Pykente
424 893 605 970 meantem,
632 893 662 954 ct
687 887 719 950 in
745 886 858 954 eodem
886 895 993 955 meatu
1011 889 1114 956 riuuli
1140 891 1223 957 bene

88 990 256 1058 currendo
273 992 316 1057 ad
332 994 532 1061 occidentem
552 993 667 1059 iterum
686 992 773 1060 cadit
790 994 834 1060 ad
849 995 983 1062 fluuium
1011 997 1097 1080 Saye
1106 1047 1115 1081 ,
1134 996 1189 1062 ubi
1204 1017 1225 1062 a

87 1107 181 1186 parte
199 1099 408 1168 meridionali
426 1101 568 1168 eiusdem
600 1109 725 1169 meatus
741 1102 838 1167 riuuli
856 1105 1009 1170 cessisset
1023 1105 1223 1189 possessioni

88 1206 213 1272 Storna
223 1257 233 1291 ,
263 1216 391 1292 aparte
403 1209 657 1294 septemtrionali
672 1210 871 1294 possessioni
890 1210 1031 1294 Gumur;
1051 1219 1083 1278 ct
1107 1212 1140 1276 in
1170 1231 1219 1276 ec·

88 1312 160 1378 dem
178 1313 282 1379 fluuio
300 1313 388 1400 Saye
404 1313 546 1404 giratur,
579 1323 610 1382 et
627 1315 747 1382 directe
779 1317 877 1382 currit
903 1315 946 1382 ad
977 1318 1163 1402 meridiem,
1190 1325 1221 1384 st

88 1439 146 1506 per
171 1421 310 1504 longum
327 1422 472 1506 spacium
491 1423 649 1489 currendo
680 1423 712 1488 in
744 1423 856 1489 eodem
875 1423 971 1488 fluuio
987 1423 1074 1508 Sayo
1105 1443 1218 1510 perae·

90 1529 138 1592 nit
169 1547 275 1614 penes
305 1525 468 1612 quoddam
509 1537 581 1596 torn
614 1530 656 1596 ad
687 1530 922 1616 possessionem
956 1530 1123 1617 Tornalya
1154 1531 1218 1596 alic

89 1637 222 1702 nomine
255 1635 360 1722 Kewy
394 1643 628 1723 constructam,
657 1637 708 1702 ubi
735 1657 755 1701 a
779 1644 871 1722 parte
906 1637 1040 1703 orientis
1072 1635 1224 1704 cessisset
1321 1671 1325 1680 ,

91 1741 290 1826 possessioni
307 1743 480 1831 Tomelya,
510 1753 542 1810 et
558 1765 579 1809 a
594 1752 686 1829 parte
718 1743 895 1812 occidentis
928 1743 1127 1828 possessioni
1157 1741 1223 1810 Gn·
1271 1757 1277 1774 ⁸

91 1869 177 1932 mur;
210 1856 247 1914 et
277 1850 312 1914 iu
338 1851 449 1917 eodem
483 1850 572 1936 Saye
589 1850 694 1916 adhuc
711 1849 810 1916 currit
825 1849 868 1915 ed
901 1849 1219 1934 meridiem,etper·

21 1955 22 1964 ’
91 1957 177 2021 uenit
193 1956 242 2022 ad
259 1956 419 2039 quendam
446 1959 600 2041 angulum
624 1957 762 2023 nemoris
773 2009 783 2044 ,
816 1963 847 2022 et
872 1957 926 2022 ubi
953 1953 992 2023 de
1016 1955 1117 2024 fluuio
1133 1956 1220 2040 Saye

93 2071 178 2130 meat
194 2083 282 2130 vnus
297 2064 421 2130 riuulus
436 2064 537 2149 fluuij,
563 2071 594 2130 et
609 2065 643 2128 in
661 2063 773 2130 eodem
806 2069 911 2130 meatu
944 2061 1035 2128 uadit
1049 2069 1082 2128 et
1097 2061 1185 2130 cadit
1201 2084 1221 2128 a

21 2251 22 2256 ἵ
85 2169 285 2256 feketesacr,
302 2169 392 2236 cuius
409 2176 516 2237 meatu
544 2169 640 2236 riuuli
657 2192 677 2235 a
693 2179 786 2256 parte
813 2169 946 2236 orientis
977 2167 1132 2238 cessisset
1149 2189 1220 2256 pos-

93 2275 229 2343 sessioni
248 2276 424 2361 Tornalya,
441 2285 474 2341 ct
497 2283 626 2361 aparte
659 2275 835 2343 occidentis
861 2275 1061 2360 possessioni
1078 2276 1219 2360 Gumur;

93 2383 170 2448 etin
185 2383 497 2469 eodemfclceteaacr
522 2379 612 2448 uadit
639 2380 745 2448 adhuc
771 2382 813 2447 ud
829 2379 998 2448 meridiem
1013 2401 1071 2466 per
1086 2381 1219 2463 longum

21 2475 22 2496 ³
92 2489 248 2574 spacium,
267 2497 301 2556 et
316 2489 464 2574 peruenit
479 2491 522 2556 ad
549 2491 647 2554 talem
666 2488 790 2570 locum,
822 2488 876 2554 vbi
901 2488 992 2554 aliud
1000 2489 1220 2574 felectescars

94 2604 182 2683 parte
193 2597 379 2664 occidentis
396 2617 508 2664 means
536 2593 667 2662 insimul
701 2595 822 2661 cadunt
832 2646 840 2678 ,
867 2595 921 2660 vbi
936 2615 957 2661 a
972 2601 1066 2680 parte
1082 2593 1219 2660 orientis

22 2701 24 2708 '
94 2705 244 2772 cessisset
259 2703 462 2792 possessioni
478 2705 617 2789 Kyraly,
635 2709 667 2770 ct
682 2723 703 2767 a
719 2707 811 2786 parte
827 2701 1003 2769 occidentis
1018 2703 1217 2788 possessioni

22 2839 24 2850 ¹
96 2811 233 2896 Gumur5
251 2817 285 2879 et
301 2812 335 2877 in
351 2813 409 2878 illc
425 2812 491 2878 alio
509 2811 694 2879 ieketescar
718 2812 842 2896 giratur
859 2817 890 2876 et
906 2806 997 2876 uadit
1011 2807 1055 2876 ad
1072 2808 1217 2876 occiden-

95 2925 163 3004 tem,
182 2927 215 2986 et
230 2919 392 3002 quasdam
410 2919 495 2986 alias
511 2920 583 2986 uias
609 2917 808 2986 transeundo
840 2916 1023 3001 perueniret
1049 2915 1091 2980 ad
1115 2935 1214 2998 quau·
1305 2967 1312 2976 .

96 3023 290 3112 damulam,
317 3046 380 3109 quc
396 3025 435 3090 de
468 3025 676 3110 possessione
708 3024 829 3110 Gunys
849 3021 935 3090 ducit
967 3023 1010 3088 ad
1039 3020 1215 3107 possessio-

100 3151 168 3199 nem
183 3133 286 3218 Bepe,
303 3153 404 3219 penes
420 3153 516 3215 quam
532 3133 619 3199 uiem
634 3140 708 3198 sunt
725 3140 790 3197 tres
817 3138 900 3198 mete
930 3138 1050 3213 terres,
1084 3147 1216 3210 querum

99 3255 156 3303 rna
185 3245 321 3322 separat
357 3240 595 3324 possessionem
627 3238 752 3323 Kyraly
764 3289 773 3324 ,
805 3235 948 3301 secunda
979 3236 1213 3321 possessionem

98 3343 195 3430 Beye,
226 3345 330 3412 tercia
347 3365 425 3412 uero
452 3347 690 3431 possessionem
717 3345 858 3428 sumus,
892 3350 924 3408 et
955 3345 988 3409 in
1020 3342 1132 3408 cadem
1161 3345 1216 3408 uia

24 3503 25 3508 ,
97 3453 262 3518 reuertitur
273 3459 305 3516 et
320 3451 412 3521 uadit
438 3473 533 3539 supra
549 3453 592 3520 ad
617 3451 874 3540 septemtrionem
900 3470 961 3538 per
979 3469 1215 3537 magnumspa·

98 3557 192 3644 cium,
224 3567 256 3625 et
273 3560 306 3624 in
323 3559 435 3626 eadem
468 3560 523 3625 uia
556 3562 703 3645 peruenit
728 3581 828 3646 prope
856 3559 899 3624 ad
920 3559 962 3624 ad
982 3557 1118 3626 eandem
1140 3579 1215 3645 pos-

99 3665 267 3734 sessionem
283 3667 424 3752 Beye,ct
444 3669 498 3734 ubi
518 3669 651 3736 eandem
672 3668 908 3754 possessionem
928 3666 1142 3752 Beyeeadem
1158 3667 1216 3732 uia

24 3809 25 3814 κ
99 3774 355 3862 transiret,pencs
365 3778 494 3859 aliquas
505 3783 609 3843 terras
619 3777 760 3842 arabiles
776 3782 853 3841 sunt
862 3776 924 3842 due
941 3783 1026 3841 mete
1036 3781 1149 3860 terrea,
1160 3775 1214 3842 vbi
1246 3811 1249 3818 ·

102 3894 119 3940 a
141 3889 231 3964 parte
259 3883 402 3951 eiusdem
419 3885 470 3952 uie
486 3884 620 3952 orientis
635 3883 786 3950 cessisset
801 3883 996 3968 possessioni
1024 3881 1157 3970 Gumur,
1183 3892 1215 3950 et

101 3995 220 4071 aparte
229 3991 404 4059 occidentis
426 3993 621 4077 possessioni
633 3993 738 4079 cha,
755 4000 787 4057 et
803 3992 835 4056 in
847 3990 961 4057 eadem
978 3988 1213 4059 visadhucua-

102 4087 144 4157 dit
158 4093 198 4158 sd
216 4100 476 4181 septemtrionem
496 4120 551 4183 per
571 4099 703 4182 aliquod
721 4099 876 4184 spacium,
898 4105 930 4162 et
946 4097 1108 4179 quandam
1126 4099 1213 4164 uiam

103 4203 287 4270 transeundo
305 4207 442 4274 caditsd
454 4206 831 4295 Kukencspatalsa,etin
842 4205 954 4274 eodem
965 4193 1213 4291 Kukeuespata·

25 4317 26 4334 ¹
104 4303 239 4376 irauadit
253 4333 352 4398 snpra
368 4315 410 4380 ad
426 4323 563 4381 montem
584 4315 828 4401 Akaztowhegy
849 4319 1009 4399 vocatum,
1021 4311 1108 4379 stibi
1124 4313 1214 4380 cadit

104 4411 311 4497 adquandam
328 4422 413 4487 uiam
431 4423 621 4508 berchywta
645 4423 852 4509 nominatam,
878 4422 911 4487 in
936 4421 1078 4504 quadam
1102 4423 1213 4509 bercly

26 4611 27 4618 ἵ
105 4522 249 4591 existente
265 4528 308 4592 ad
323 4529 594 4615 septemtrionem,
610 4549 711 4616 pcncs
728 4549 823 4612 quam
840 4529 927 4598 uiam
944 4536 1017 4596 sunt
1033 4529 1130 4613 signa
1146 4549 1210 4596 me-

26 4667 28 4712 ,
106 4635 215 4718 urum,
232 4642 262 4700 et
278 4636 310 4699 in
329 4636 441 4702 eadem
467 4635 521 4703 uia
546 4635 652 4704 adhuc
679 4637 776 4704 currit
801 4637 842 4704 ad
871 4637 1130 4726 septemtrionem
1155 4657 1212 4728 per
