3180 5202
879 279 1041 378 *em-

393 475 553 564 qnidqnid
568 474 602 540 in
627 473 713 541 fecto
740 469 827 540 dicte
851 479 935 540 terre
966 471 1058 540 iuxta
1090 471 1329 539 continenciam
1344 471 1542 538 litterarum

391 580 627 652 memoriolium
643 576 782 664 predicti
814 579 950 646 Comitis
967 577 1127 664 Stephani
1141 585 1251 646 ectum
1283 577 1399 666 fuerit,
1432 577 1539 644 nobis

390 687 591 758 rescribatis.
607 687 728 752 Datum
751 686 845 754 Bnde
859 685 944 753 ieris
975 685 1089 768 quinto
1106 683 1260 772 proxime
1284 691 1361 752 ente
1377 683 1532 752 Domini·

402 816 457 864 am
471 794 567 865 Oculi
582 793 657 880 idei,
672 813 759 860 enno
774 793 908 862 Domini
924 777 1080 860 MffGOCt

429 1009 465 1077 (A
478 1010 640 1080 pdcsvtrsdi
661 1009 837 1064 konrentnek
851 1009 930 1062 1800.
948 1005 1130 1074 jelenteetbcl
1143 1009 1213 1058 mint
1225 1007 1309 1058 slsbb
1322 1007 1385 1060 2⁷0.
1398 1023 1437 1058 se.
1457 1004 1499 1070 s.)

955 1751 1030 1819 etr.

394 1973 458 2037 ΙΠ.
472 1971 581 2038 Eudre
596 1970 766 2055 kirdlynuk
781 1968 930 2055 bizonyoe
944 1993 966 2034 a
983 1969 1105 2052 Lepte-t
1129 1970 1249 2035 cdrdoe
1274 1972 1393 2034 tartozd
1409 1969 1535 2055 fdldre

391 2079 566 2146 corutkoed
581 2077 765 2161 odomdnpa
780 2077 844 2141 Pdl
859 2099 968 2158 comes,
983 2076 1129 2141 Demeter
1153 2090 1261 2143 mester
1286 2077 1421 2163 zdlyomi
1439 2076 1531 2161 sdic*

692 2187 763 2268 prin
780 2185 934 2249 torniense
949 2188 1108 2250 ezdmdra.
1126 2183 1223 2249 1300.

506 2415 575 2480 Nos
591 2412 740 2480 Andreas
756 2413 819 2479 Dei
836 2414 949 2495 grecis
974 2413 1042 2478 Rex
1067 2413 1238 2497 Hungerie
1262 2413 1417 2481 memorie
1443 2435 1528 2482 com-

396 2517 587 2588 mendantes
603 2527 715 2587 tenore
731 2520 939 2605 presencium
956 2520 1178 2603 significemus
1194 2521 1311 2604 quibus
1336 2520 1473 2606 expedit
1496 2528 1527 2586 et

395 2633 565 2712 presentes
574 2625 785 2694 ostendentur
794 2628 966 2713 vninersis,
978 2627 1064 2711 quod
1080 2627 1157 2711 qnia
1172 2626 1287 2694 Comes
1303 2629 1428 2696 Paulus
1439 2627 1530 2695 tilius

395 2734 538 2801 Medeon
555 2734 703 2804 seruiens
721 2736 872 2820 Magistri
888 2733 1044 2819 Demetrij
1065 2733 1199 2802 Comitis
1215 2734 1256 2803 de
1271 2735 1387 2802 Zolnm
1414 2735 1524 2802 dilecti

395 2848 429 2908 et
453 2840 559 2908 fidelis
591 2843 691 2910 nostri
722 2841 835 2910 fideles
865 2839 1038 2912 famulatus
1065 2849 1097 2909 et
1121 2842 1277 2926 obsequis
1312 2845 1469 2928 graciosa
1491 2844 1522 2909 in
1581 2887 1582 2890 =

394 2949 537 3018 diuersis
555 2949 820 3036 expedicionibns
830 2951 954 3019 nostris
970 2957 1003 3018 et
1017 2953 1122 3034 Regni
1138 2951 1251 3038 nostri,
1278 2957 1310 3017 et
1337 2951 1523 3036 specialiter

395 3059 482 3124 circe
498 3077 616 3143 aquen
632 3059 724 3143 Reyn
742 3059 839 3128 simul
856 3079 927 3126 cum
946 3059 1061 3126 eodem
1077 3059 1235 3142 Magistro
1259 3058 1427 3125 Demetrio
1452 3078 1522 3125 cnm

311 3203 321 3212 -
394 3162 551 3231 effusione
568 3164 619 3232 sui
635 3163 808 3250 sanguinis
825 3185 896 3230 cum
914 3167 1000 3231 omni
1026 3165 1157 3233 feruore
1182 3165 1352 3233 fidelitatis
1379 3165 1522 3232 exhibuit

397 3277 430 3336 et
444 3268 623 3356 inpendere
638 3273 775 3358 curauit,
791 3278 827 3339 ut
843 3273 979 3341 fideliter
996 3274 1044 3340 sic
1060 3272 1185 3360 deuote,
1212 3273 1378 3357 quendem
1403 3280 1520 3338 terrem

396 3385 543 3444 nostram
558 3378 716 3462 Regslem
733 3379 900 3467 siluoscm,
918 3398 981 3465 que
996 3401 1162 3464 nunquam
1178 3383 1341 3468 populosa
1365 3381 1522 3446 hactenns

392 3484 495 3552 fuisse
512 3483 700 3574 dinoscitur,
718 3507 739 3553 a
755 3494 844 3554 terre
859 3495 973 3556 nostre
989 3487 1184 3575 Soennyche
1209 3487 1378 3557 nominate
1403 3485 1519 3570 excipi-

392 3590 487 3680 endo,
504 3614 601 3677 quem
619 3595 748 3679 quidem
772 3602 891 3663 terrem
915 3595 1033 3664 fluuius
1056 3597 1196 3663 Zelstne
1221 3595 1352 3662 nomine
1375 3617 1434 3682 per
1457 3612 1519 3660 me·

391 3697 481 3766 diurn
497 3701 656 3791 distingit,
672 3708 709 3769 ut
725 3701 850 3786 dicitur,
876 3703 922 3770 ed
947 3702 1098 3789 predium
1123 3709 1270 3782 nostrum
1296 3702 1339 3770 de
1362 3701 1517 3790 Lypthow
1579 3719 1580 3730 ¹

392 3808 618 3896 pertinentem,
636 3809 741 3876 eidem
759 3810 874 3877 domiti
892 3810 995 3876 Panlo
1012 3814 1044 3876 et
1059 3810 1127 3877 suis
1138 3809 1317 3878 heredibus
1334 3808 1475 3876 dedimus
1483 3810 1517 3872 et

391 3917 587 3984 contulimus
603 3923 758 4003 perpetuo
778 3916 1010 4004 possidendum
1025 3919 1099 3985 sine
1113 3917 1296 4004 prejudicio
1305 3917 1393 4001 juris
1409 3915 1514 3982 alieni.

387 4021 510 4090 Datum
524 4023 615 4090 Bude
631 4024 665 4091 in
679 4025 794 4109 vigilis
810 4028 1016 4094 Pentecostes
1031 4043 1117 4091 anno
1133 4025 1265 4091 Domini
1282 4023 1426 4092 M⁰GOO⁰

391 4219 530 4285 (Eredetie
543 4219 719 4288 borhtnytn,
733 4239 751 4276 e
762 4221 917 4291 pecsttneiu
940 4225 1013 4292 moly
1025 4220 1103 4276 httnl
1115 4223 1172 4276 volt
1185 4224 1237 4276 ode
1249 4239 1376 4290 nyomre,
1389 4222 1452 4274 cssls
1470 4223 1511 4270 td·

578 4311 677 4366 redere
690 4329 745 4366 rsn
769 4310 834 4377 mir,
848 4329 866 4367 e
879 4312 1117 4380 Benieskyessidd
1129 4309 1338 4379 levettdrdbsm)
