3146 5192
5 1194 8 1203 ’
78 1168 126 1229 Aa
142 1169 217 1251 epo-i
231 1166 456 1253 laptatanaak
473 1164 665 1244 catalasca,
683 1166 766 1251 bopy
783 1161 914 1250 Gyb‘rpy
932 1175 1043 1228 mester
1059 1109 1124 1246 pia,
1139 1163 1223 1228 Fal·-

0 1294 1 1299 ’
79 1277 210 1358 oenpti,
236 1273 468 1360 K'o'ztpaempty
493 1295 523 1337 es
549 1271 716 1356 Alaemptc'
742 1270 957 1356 belpodqelrben
983 1271 1226 1336 oaztoaleodtale...

601 1378 699 1442 1299.

190 1575 310 1640 Datum
326 1595 385 1659 pro
402 1574 568 1666 memoria,
585 1571 671 1654 quod
689 1591 762 1639 eum
780 1593 838 1639 nos
855 1573 948 1640 iuxta
976 1573 1213 1641 continenciam

85 1683 268 1749 litterarum
285 1679 404 1748 domini
421 1682 520 1764 Regis
538 1679 774 1746 memorialium
792 1701 864 1746 eum
888 1682 1048 1764 Magistro
1074 1680 1217 1765 Georgia

83 1789 152 1853 ciue
169 1785 315 1854 Budensi
330 1808 369 1852 ex
386 1807 453 1852 una
468 1793 571 1871 parte,
589 1793 622 1851 et
638 1785 761 1850 Gemite
786 1785 967 1870 lllichaele,
995 1807 1033 1852 ao
1058 1787 1215 1870 Magistro

85 1897 253 1981 Stephano
269 1896 335 1962 filio
352 1895 497 1961 eiusdem
514 1914 554 1959 ex
570 1893 685 1978 altera,
714 1893 910 1960 misissemus
928 1915 967 1960 ex
993 1895 1086 1960 nobis
1112 1894 1215 1961 virum

29 1991 30 1996 ’
85 2003 263 2068 discretum
281 2008 312 2068 et
342 2002 512 2068 honestum
546 1997 704 2086 (Petrum)
735 1998 1216 2088 ArchidlaconumdeKemey‚

84 2127 193 2174 coram
210 2127 275 2190 quo
306 2107 452 2193 predicte
483 2114 593 2192 partes
625 2107 658 2172 in
689 2105 794 2173 tribus
825 2107 1087 2192 possessionibus
1105 2131 1225 2176 eorum-

5 2278 10 2291 ,
84 2212 527 2300 Felnempti,anepnempti
560 2219 592 2279 et
623 2211 786 2296 Olnempti
815 2214 949 2300 vocatis,
976 2216 1068 2282 iuxta
1083 2217 1216 2284 fluuium

0 2478 9 2501 ‚t
54 2419 62 2429 ¹
87 2430 218 2514 Georglj
249 2426 393 2495 martiris
408 2425 602 2494 diuisionem
619 2425 784 2514 facerent3
801 2427 901 2511 ijdem
918 2429 1036 2496 Petrus
1051 2429 1218 2498 Archidia-

32 2535 40 2546 “
93 2554 191 2628 conus
207 2536 283 2601 inde
300 2534 342 2600 ad
362 2553 420 2600 nos
435 2553 585 2600 reuersus
600 2531 696 2600 nobis
710 2534 822 2601 taliter
838 2536 1005 2602 recitauit:
1036 2537 1122 2620 quod
1148 2560 1216 2623 prc-

88 2643 171 2710 dieto
203 2648 314 2727 partes
345 2641 379 2706 in
411 2641 534 2707 eisdem
574 2639 746 2722 quindenis
788 2643 861 2726 ipso
891 2649 1042 2728 presente
1081 2645 1115 2710 in
1148 2665 1229 2729 pre·-

30 2757 40 2779 ²
89 2748 197 2816 missis
217 2751 320 2815 tribus
351 2747 610 2832 possessionibus
640 2747 707 2814 sois
724 2751 885 2816 communi
918 2771 1079 2818 consensu
1096 2759 1127 2818 et
1145 2757 1217 2837 pari

90 2857 259 2922 voluntate
284 2856 387 2922 talem
413 2855 498 2921 inter
523 2873 558 2921 se
588 2853 742 2922 fecissent
758 2855 951 2924 diuisionem
969 2879 976 2918 :
993 2857 1085 2934 Quod
1111 2859 1216 2943 ipsam

31 2944 37 2964 ⁵
89 2964 327 3049 possessionem
365 2961 559 3046 Felnempty
596 2961 631 3026 in
670 2959 753 3028 duas
792 2967 901 3044 partes
942 2965 1073 3045 equales
1091 2964 1230 3032 diuisis·-

90 3078 180 3153 sent3
218 3069 392 3152 exquibus
432 3089 497 3136 rna
535 3087 615 3153 pars.
653 3069 796 3135 existens
837 3087 858 3134 a
898 3077 990 3154 parte
1024 3071 1220 3138 occidentali

0 3210 5 3231 1
77 3177 243 3262 'predictis
260 3175 378 3244 (lomiti
394 3175 556 3262 Michaeli‚
574 3181 606 3241 et
621 3175 778 3259 Magistro
794 3175 969 3263 Stephano,
987 3197 1027 3244 ae
1044 3179 1111 3244 suis
1128 3179 1218 3246 here·

91 3285 185 3350 dibus
199 3291 356 3369 perpetuo
372 3281 525 3349 cessisset
540 3281 738 3367 possidenda
754 3288 786 3348 et
811 3281 974 3368 habenda,
1000 3285 1127 3368 reliqua
1152 3287 1233 3353 aliatv

92 3397 184 3474 parte
200 3391 264 3456 sita
288 3410 309 3456 a
333 3395 427 3476 parte
452 3389 602 3456 orientali
627 3388 733 3455 eidem
759 3389 918 3474 Magistro
944 3389 1097 3476 Georgia,
1124 3403 1219 3477 prout

90 3497 207 3562 fluuios
221 3497 349 3580 scindit,
366 3503 399 3562 et
414 3496 482 3564 suis
496 3495 669 3562 heredibus
685 3503 873 3563 remanente
889 3496 1038 3564 similiter
1064 3507 1232 3585 perpetuo

93 3603 297 3688 possidenda.
312 3605 395 3670 Item
412 3602 573 3688 prefatam
588 3603 827 3688 possessiooem
844 3605 1090 3691 Kenepnempty
1105 3607 1218 3674 simili·

94 3718 143 3776 ter
157 3712 190 3776 in
206 3712 286 3778 duas
311 3717 423 3796 partes
449 3711 582 3795 equales
608 3710 809 3796 diuisissent,
837 3731 878 3776 ex
906 3711 1023 3794 quibus
1048 3708 1113 3778 vna'
1143 3733 1221 3799 pars

95 3819 158 3885 sita
174 3826 295 3903 aparte
310 3819 463 3884 orientali
481 3818 586 3885 eidem
605 3819 762 3902 Magistro
781 3818 923 3901 Georgio
939 3825 972 3886 et
997 3819 1066 3884 suls
1093 3819 1215 3886 heredi·

96 3927 155 3991 bus
170 3925 329 4009 usquead
347 3927 470 3992 conam
486 3924 596 4009 Egidij
622 3925 679 4010 filij
708 3925 878 4010 Stephani,
904 3925 1028 4010 reliqua
1052 3924 1120 3990 alia
1145 3947 1220 4010 pars
1313 3949 1328 4009 ᾗ

98 4031 240 4100 existens
258 4055 279 4100 a
294 4041 387 4119 parte
403 4033 597 4100 occidentali
613 4033 707 4100 dietis
719 4031 837 4098 Comiti
853 4029 1004 4096 Michaeli
1017 4039 1049 4096 et
1064 4031 1232 4113 Magiam

98 4137 259 4222 Stephano
277 4159 316 4206 ac
330 4141 400 4206 suis
416 4138 589 4206 heredibus
605 4145 760 4224 perpetuo
776 4134 977 4222 possidendo
994 4137 1169 4203 cessissent
1190 4145 1224 4204 et

99 4244 258 4311 habende.
274 4247 357 4313 Item
374 4247 507 4314 terciam
525 4255 557 4313 ct
574 4247 719 4313 ultimam
735 4245 975 4333 possessionem
1001 4243 1144 4326 ipsorum
1170 4244 1227 4311 Ol·

99 4359 230 4440 nempty
260 4361 410 4423 vocatam
434 4374 539 4438 vsque
579 4355 622 4420 ed
647 4353 781 4420 terciam
807 4351 1045 4418 reuolucionem
1076 4350 1226 4434 ipsarum·¹

99 4457 332 4540 quindenarum
347 4461 441 4528 Beati
468 4460 600 4547 Georglj
630 4460 774 4526 martiris
803 4457 1015 4526 communiter
1040 4455 1222 4524 habendam

56 4561 62 4568 “
101 4571 134 4630 et
148 4568 380 4652 possidendam
396 4573 529 4655 propter
544 4589 663 4636 nouum
680 4569 855 4636 aduentum
871 4564 1035 4650 hospitum
1051 4564 1112 4630 sibi
1131 4563 1237 4630 dimi-*-
