3180 5202
786 318 947 419 ,32⁵3-

299 513 378 580 dum
393 531 505 580 eorum
521 511 555 577 in
573 511 628 578 nia
643 513 784 579 transire
800 513 938 598 solebat,
970 513 1083 581 ninum
1114 515 1219 600 ipsius
1252 521 1439 605 recepistis.

302 619 397 688 Vnde
411 618 552 704 petimus
567 619 750 685 amieieiam
767 627 921 706 nestram,
938 619 1025 702 quod
1041 641 1143 688 eausa
1158 628 1262 691 nostri
1279 635 1311 692 et
1336 646 1438 692 eausa

301 726 430 811 sernioij
449 726 664 812 predictorum
680 726 801 790 dietum
818 727 930 792 uinum
947 727 1136 796 restituatis.
1153 729 1196 796 Et
1222 731 1310 814 qnod
1340 735 1436 799 uobis

303 834 461 918 placuerit
478 853 519 900 ex
535 842 628 918 parte
644 833 745 900 nostri
763 833 893 901 omnino
925 835 1019 901 nobis
1050 834 1216 904 faciemus.

407 939 459 1004 Ki
473 939 563 1006 vill:
581 939 702 1006 Amicis
720 941 787 1008 suis
804 941 959 1008 Ladirlao
974 941 1041 1006 tilio
1057 943 1159 1010 Teme
1175 951 1206 1010 et
1233 943 1342 1010 Frako
1368 946 1438 1009 lla·
1510 929 1519 934 ’

302 1045 414 1130 gistro.

571 1133 783 1202 [3:51

300 1207 439 1270 (Eredstie
458 1205 632 1272 biirhtrtpfin,
647 1207 775 1274 melynels
796 1205 891 1259 alstra
903 1195 1026 1274 nyomott
1043 1207 1135 1275 pecset
1157 1207 1215 1262 mir
1240 1209 1390 1273 lomtllott;
1414 1228 1434 1262 a

624 1313 708 1349 noma.
728 1313 855 1350 museum
867 1295 1108 1364 kkairattlriban.)

757 1581 969 1594 *ι*

831 2139 906 2206 314.

299 2339 562 2420 Konrcidumester·
569 2341 636 2421 fia'l
652 2337 759 2402 Jakob
775 2349 891 2403 contest
907 2362 928 2402 a
945 2333 1135 2402 lirroktban
1154 2335 1221 2400 le'ell
1230 2334 1436 2418 jornalem

697 2446 824 2510 tremiti.
842 2423 1027 2509 W
1047 2417 1261 2520 'mm-it

406 2641 473 2708 Nos
489 2639 644 2723 Magister
659 2641 836 2707 Corrardns
853 2640 936 2708 filins
951 2639 1109 2726 Stephani
1126 2643 1221 2707 uobis
1239 2639 1357 2706 Comiti
1374 2639 1432 2702 Ja-

300 2748 380 2814 oobo
397 2747 462 2813 filio
479 2754 587 2812 nostro
604 2747 703 2811 menti
720 2747 926 2830 assignamus
942 2755 974 2813 et
994 2755 1144 2813 notamus
1154 2764 1326 2813 renouare:
1343 2745 1433 2828 quod

298 2853 486 2921 Alexander
502 2853 608 2920 dietus
624 2853 769 2931 Kubeeh,
787 2853 887 2919 frater
904 2853 1047 2920 earnalis
1063 2853 1147 2920 Poth
1164 2853 1318 2935 Palatini,
1337 2852 1433 2918 ado.

299 2959 384 3026 mino
400 2959 532 3027 Andrea
549 2961 637 3045 Rege
654 2961 736 3026 istas
753 2960 833 3026 duas
850 2967 953 3026 terras
969 2961 1062 3026 Baan
1079 2969 1110 3025 et
1134 2962 1270 3044 Rengen
1294 2967 1432 3025 uocatas

298 3067 366 3135 suis
382 3066 530 3134 fidelibus
547 3067 694 3151 seruieijs
710 3067 883 3150 aequisiuit
899 3073 931 3131 ot
948 3067 1081 3152 meruit3
1099 3065 1181 3150 quas
1207 3065 1338 3150 quidem
1369 3075 1434 3132 ter-

299 3193 354 3240 ras
370 3175 418 3241 sie
433 3171 494 3240 luit
510 3172 667 3259 partitus;
684 3181 804 3239 terram
830 3171 953 3238 seilicet
983 3173 1075 3238 Baan
1107 3171 1306 3238 Monasterio
1336 3172 1434 3238 Beati

297 3283 411 3350 Jaeobi
428 3281 470 3346 de
485 3281 598 3364 Lyben
614 3281 824 3365 assignando,
840 3287 958 3346 terram
975 3299 1051 3347 uero
1066 3282 1199 3363 Rengen
1214 3278 1277 3345 sibi
1304 3285 1336 3346 et
1360 3283 1432 3346 suis

298 3386 470 3455 heredibus
485 3388 690 3454 reseruando.
708 3389 787 3452 Item
804 3388 889 3454 idem
907 3386 1094 3454 Alexander
1111 3387 1153 3453 ab
1170 3385 1429 3453 eodemdomino

296 3491 428 3560 Andrea
437 3494 527 3578 Rege
538 3493 689 3560 similiter
699 3495 895 3576 anquirendo
904 3495 1018 3562 villam
1029 3492 1171 3560 Olsasun
1180 3491 1314 3578 inuenit,
1325 3503 1430 3574 quam

296 3598 444 3665 similiter
459 3600 654 3690 lionasterio
670 3601 763 3667 Beati
778 3599 895 3667 Jaoobi
911 3599 1059 3685 Apostoli
1076 3599 1116 3666 de
1132 3599 1246 3681 Lyben
1278 3599 1312 3662 iu
1343 3603 1427 3683 toto,

296 3709 331 3770 nt
346 3703 480 3792 inuenit,
498 3707 705 3773 eondonauit.
722 3703 827 3782 Quam
843 3705 972 3790 quidem
990 3713 1119 3789 terram,
1137 3724 1210 3772 oum
1226 3723 1286 3771 nos
1317 3724 1338 3768 a
1371 3704 1429 3770 do-

298 3811 385 3880 mino
399 3813 489 3896 Rege
507 3813 586 3880 Bela
603 3815 644 3880 ad
663 3813 827 3880 dominum
843 3813 965 3897 Regem
981 3810 1181 3898 Stephanum
1191 3809 1252 3876 iter
1261 3809 1430 3878 habuisse-

295 3923 367 3987 mus
383 3921 585 4006 commorati,
602 3921 796 3990 Valentinus
813 3927 846 3986 et
862 3919 1002 4006 Bolosey
1017 3917 1076 4002 filij
1093 3917 1206 4002 Cogne
1223 3914 1272 4004 (l)
1287 3937 1308 3983 a
1324 3915 1431 3984 domi-

295 4045 338 4093 no
353 4029 445 4113 Rege
460 4029 542 4096 Bela
557 4027 767 4113 impetrantes
784 4029 1009 4114 possederant,
1035 4026 1095 4095 sed
1125 4026 1295 4093 meliorata
1325 4045 1430 4093 eausa

295 4139 407 4202 nostra
422 4135 463 4200 ab
480 4133 594 4201 eodem
611 4133 740 4202 domino
754 4131 855 4219 Rege,
871 4133 1019 4220 inspeoto
1037 4133 1140 4198 eeiam
1158 4129 1338 4218 {priuilegio
1369 4133 1429 4198 do-

294 4241 405 4308 natiuo
422 4241 529 4326 ipsius
544 4249 640 4330 terre,
665 4262 724 4327 per
755 4239 943 4326 Capitulum
974 4239 1147 4307 Jauriense
1178 4257 1237 4325 per
1266 4235 1429 4306 Comitem

294 4347 475 4414 corradum
490 4347 593 4416 filium
608 4347 716 4434 Albey
732 4345 888 4414 comitem
903 4347 1110 4415 Jauriensem
1125 4346 1201 4431 ipsa
1215 4351 1305 4412 terra
1330 4343 1428 4414 Olsa·

294 4474 357 4522 sun
372 4454 464 4523 nobis
480 4456 542 4523 fnit
557 4455 687 4523 reddita
704 4468 737 4524 et
753 4453 900 4524 restituta
916 4456 1033 4525 litteris
1057 4453 1248 4542 patentibus
1279 4453 1428 4523 eiusdem

294 4560 417 4628 domini
431 4563 531 4646 Regis
546 4563 784 4632 eontirmando:
810 4563 934 4657 litteras
963 4568 1114 4651 patentes
1145 4583 1219 4632 eum
1249 4561 1427 4650 priuilegio
