3180 5202
870 315 1032 415 -ML

384 521 475 586 mina
491 515 606 584 relicta
621 513 772 600 Magistri
796 511 946 581 Ladirlai
971 515 1194 594 comparentes
1204 559 1214 595 ,
1247 508 1419 595 predictam
1436 531 1495 596 pos·

384 627 564 696 sessionem
580 625 712 692 Olmera
727 625 819 690 iuxta
830 620 1066 687 continenciam
1082 616 1334 704 priuilegiorum
1350 629 1383 686 et
1394 619 1493 686 iustru-

384 741 567 802 mentorum
582 732 794 814 diuersorum,
811 727 928 813 quibus
945 725 1166 793 mediantibus
1183 723 1321 792 eandem
1338 728 1497 810 possessio-

383 864 457 909 nem
473 839 537 928 ipsi
548 839 703 921 Magistro
713 837 759 904 St.
776 833 1034 919 deNogaohpro
1050 831 1118 900 suis
1135 833 1284 917 seruioijs
1301 836 1496 918 pereundam

383 949 577 1035 Magistrum
596 945 786 1014 Ladizlaum
802 945 868 1009 iam
884 941 1004 1010 dudum
1023 943 1175 1010 collatam
1195 949 1228 1008 et
1244 940 1398 1008 donatam
1413 943 1498 1012 fuisse

384 1055 586 1139 asserebant,
607 1053 667 1119 sub
684 1051 807 1120 eisdem
832 1051 927 1116 metis
944 1055 975 1116 et
992 1049 1160 1136 terminis,
1189 1050 1251 1117 sub
1267 1051 1386 1132 quibus
1401 1051 1497 1118 eadem

386 1164 550 1252 possessio
566 1182 624 1247 per
639 1160 777 1226 eundem
809 1158 999 1238 Magistrum
1024 1156 1214 1223 Ladiulaum
1231 1163 1358 1242 patrem
1371 1157 1499 1226 dictito·

384 1269 502 1338 hanuis
517 1268 632 1334 habita
648 1265 749 1332 tuisse
765 1265 944 1332 dinoscitur
969 1270 1001 1330 et
1016 1283 1182 1348 possessa,
1203 1263 1405 1348 reliquerunt
1416 1271 1447 1330 at
1460 1265 1498 1330 di·

384 1380 542 1452 miserunt
557 1393 638 1461 pure
650 1379 682 1438 et
691 1372 885 1459 simpliciter
896 1367 1063 1457 sepedicto
1078 1371 1234 1454 Magistro
1250 1372 1308 1456 St,
1326 1377 1359 1438 et
1375 1377 1432 1456 per
1441 1393 1500 1439 eum

385 1485 453 1552 suis
469 1481 645 1549 heredibus
664 1479 885 1562 heredumque
909 1498 1040 1546 suorum
1056 1477 1298 1546 successoribus
1309 1479 1388 1563 jure
1403 1500 1501 1565 perpe

386 1599 442 1658 tuo
460 1587 693 1678 possidendam
709 1594 741 1652 et
766 1584 969 1663 habendam3
1001 1587 1049 1653 ita
1064 1592 1100 1653 ut
1115 1586 1240 1652 nullum
1260 1587 1318 1671 jus
1335 1587 1388 1652 uei
1412 1585 1501 1653 domi·

386 1699 476 1764 nium
497 1695 582 1760 idem
593 1693 760 1761 Jobanues
770 1713 829 1778 pro
840 1712 876 1759 se
893 1698 925 1759 et
940 1691 1072 1759 domina
1086 1699 1192 1758 matre
1207 1693 1240 1758 iu
1257 1693 1373 1759 eadem
1389 1693 1450 1758 sibi
1462 1715 1502 1760 re·

384 1802 537 1870 seruauit.
554 1805 774 1868 Instrumenta
789 1800 1051 1887 nichylominus,
1077 1799 1195 1885 quibus
1211 1799 1433 1870 mediantibus
1448 1823 1501 1868 me·

354 1987 364 2006 .
384 1917 511 1978 morata
526 1909 694 1995 possessio
710 1908 837 1996 prefate
853 1906 981 1976 domine
1006 1929 1064 1994 pro
1090 1908 1166 1975 dote
1186 1929 1246 1976 sua
1261 1913 1294 1975 et
1309 1911 1406 1978 rebus
1422 1931 1502 1996 para·

385 2017 569 2085 saruaiibus
586 2017 764 2103 peripsum
795 2017 986 2101 Magistrum
1018 2015 1209 2084 Ladiulaum
1240 2017 1392 2083 maritum
1422 2039 1503 2085 suum

385 2127 558 2210 assignata
575 2131 607 2192 et
622 2129 744 2193 statuta
760 2125 862 2192 fuisse
886 2122 1067 2211 dicebatur,
1083 2126 1117 2190 in
1133 2131 1290 2209 quantum
1305 2126 1380 2212 ipsa
1398 2127 1502 2193 instm·

384 2239 493 2301 menta
509 2231 689 2318 predictam
704 2233 942 2317 possessiouem
968 2239 1126 2318 tangunt,
1159 2241 1311 2318 tauquam
1340 2255 1444 2321 cassa,
1459 2234 1502 2300 fri-

386 2341 461 2408 uola
478 2347 510 2406 et
525 2341 649 2426 inanya
663 2341 776 2406 haberi
792 2341 979 2418 uoluerant3
999 2340 1096 2408 itaut
1112 2341 1295 2425 rbicunque
1310 2343 1386 2426 ipsa
1402 2343 1503 2410 instru-

303 2518 306 2536 Ι
385 2453 494 2514 menta
509 2467 567 2533 per
582 2450 689 2534 ipsam
714 2447 878 2514 dominam
904 2449 938 2514 in
955 2449 1042 2515 facto
1074 2449 1159 2517 dotis
1174 2469 1232 2516 soe
1248 2454 1364 2516 eontra
1379 2450 1501 2516 eunden

384 2556 576 2639 Magistrum
592 2555 791 2640 Stephanum
815 2577 913 2640 super
929 2554 1015 2623 facto
1041 2555 1127 2624 dicte
1152 2557 1370 2643 possessionis
1386 2556 1501 2624 Olmara

385 2662 625 2748 exhiberentur,
643 2664 747 2730 lucem
764 2683 830 2728 nou
846 2663 988 2740 babeant
997 2717 1006 2751 ,
1041 2673 1074 2731 et
1089 2665 1157 2733 suis
1182 2667 1366 2752 peremnia
1382 2670 1502 2732 careant

384 2769 508 2838 viribus
526 2769 704 2854 firmitatis;
726 2777 758 2837 et
774 2772 908 2856 insuper
923 2773 1036 2840 eedem
1052 2781 1160 2859 partes
1177 2795 1290 2842 omnes
1306 2777 1443 2860 litteras,
1458 2793 1502 2840 su·

385 2895 444 2962 per
459 2895 617 2961 processu
627 2877 788 2962 presentis
805 2897 902 2946 cause
919 2887 1031 2948 contra
1046 2882 1183 2949 inuicem
1200 2905 1303 2968 usque
1319 2883 1501 2968 adprosam

384 2982 543 3069 obtentas,
576 3005 635 3069 pro
659 2985 771 3070 sopitis
799 2992 831 3052 et
856 2985 1007 3056 inanibus
1040 2987 1252 3074 reliquerunt.
1286 2993 1407 3059 Datum
1422 2988 1500 3057 Buda

383 3089 521 3175 septimo
536 3091 591 3157 die
607 3091 842 3173 quindenarum
868 3093 962 3163 Beati
977 3097 1092 3165 Jacobi
1116 3100 1262 3186 Apostoli
1278 3121 1368 3168 anuo
1383 3095 1501 3167 Domini

384 3197 558 3266 millesimo
578 3203 812 3269 trecentesimo.

383 3389 524 3462 (Eredetie
537 3394 712 3462 bbrhdrtydm
737 3415 754 3450 e
766 3398 948 3467 barna-sarge
961 3401 1189 3466 selyemaeindrou
1202 3399 1313 3470 iitggbtt
1333 3403 1425 3471 peccet
1437 3404 1497 3456 cire·

634 3493 719 3553 saett;
733 3503 751 3539 a
763 3489 847 3541 budai
860 3490 912 3542 hir.
925 3491 1048 3544 kamarai
1068 3490 1259 3560 levelttrbau.)
