3124 5194
535 328 538 334 ’
604 358 764 457 en..

8 543 18 556 Ὶ
117 547 326 634 postrenum
342 547 451 618 Saneti
466 547 635 618 Michaelis
651 550 789 638 populos
805 549 941 620 Comitis
957 527 1099 620 conradi
1116 555 1179 624 snb
1194 573 1248 622 oe·

9 652 13 727 f
116 662 186 722 stro
202 675 261 724 suo
279 658 473 742 existentes,
497 659 598 726 boues
614 667 812 744 aratrorum,
836 665 869 725 et
884 659 952 727 alia
966 661 1052 728 bona
1067 662 1243 731 eorundem

116 762 295 831 auferendo
312 763 474 850 pendente
500 763 561 831 lite
588 764 670 832 inter
695 767 801 852 ipsos;
828 767 904 834 item
920 769 954 834 in
980 777 1074 834 sexta
1090 767 1173 836 feria
1196 787 1247 837 se·

116 870 232 954 quenti
248 869 440 957 spoliauerit
455 879 526 940 ooto
543 869 628 959 (lgy)
654 873 751 940 uillas
768 873 914 941 eiusdem
932 872 1064 943 comitis
1082 875 1248 966 Gomardi,

115 978 243 1046 scilieet
258 979 354 1048 Petne
365 1031 374 1066 ,
401 978 546 1046 Goereoh
556 1029 567 1067 ,
584 979 740 1064 Polkona,
760 979 873 1069 cheer,
893 979 1032 1067 Balngd,
1050 981 1197 1048 Gonohel
1216 991 1249 1053 et

115 1081 231 1172 'Popoz
248 1087 444 1174 nominatas,
461 1086 554 1153 bonis
578 1087 725 1154 omnibus
743 1087 925 1177 spoliando,
941 1096 974 1156 et
989 1091 1122 1175 insuper
1137 1111 1247 1175 qnem-

5 1181 13 1224 '
116 1193 193 1260 dam
209 1194 416 1280 iobagionem
443 1215 535 1262 snum
552 1195 706 1277 interfici,
736 1205 767 1263 et
782 1194 940 1280 quosdam
956 1197 1088 1264 leeisset
1104 1197 1250 1266 letaliter

93 1303 281 1372 'wlnerari
313 1303 423 1382 Quare
447 1302 598 1370 fidelitati
624 1310 734 1370 uestro
751 1303 969 1391 precipimus,
989 1313 1145 1388 quatenns
1162 1303 1247 1375 detis

5 1453 8 1465 ι
116 1431 216 1478 vnum
233 1431 274 1478 ex
290 1413 391 1492 vobis,
407 1431 514 1478 eoram
531 1431 594 1496 qno
610 1409 799 1478 Alexander
816 1413 856 1478 de
873 1411 1010 1497 Hozugd
1025 1413 1119 1480 homo
1135 1422 1247 1481 nostor

5 1594 10 1607 Ι
117 1539 218 1604 super
234 1520 401 1604 premissis
417 1519 563 1588 omnibns
580 1519 664 1587 solat
681 1519 896 1585 omnimodam
913 1521 1082 1588 veritatem
1096 1543 1103 1604 ;
1121 1529 1153 1588 et
1164 1529 1247 1604 post·

116 1626 249 1693 modum
265 1626 344 1693 faeti
361 1628 480 1694 seriem
496 1626 693 1696 rescribatis.
710 1627 830 1694 Datum
841 1627 933 1694 Bude
949 1627 1032 1696 feria
1049 1629 1244 1714 quintapro·

5 1750 13 1836 J
116 1733 209 1801 xima
224 1741 298 1832 post
315 1742 447 1803 octenas
463 1736 579 1836 Sancti
592 1735 692 1803 Galli.

5 1909 6 1942 3
117 1929 153 1996 (Δ
162 1929 236 2000 pessi
250 1929 438 2000 kdptalannak
452 1935 589 2000 ugysnsat
602 1933 763 1985 tartslmaao
778 1934 893 1985 lese-ki
914 1931 1113 1998 jelentdsdb613
1134 1950 1154 1988 a
1173 1935 1248 1990 mela

340 2090 342 2099 Ι
408 2021 474 2076 ntro
488 2021 583 2088 Rdvay
604 2021 696 2076 asarta
719 2019 927 2088 leveldrtbttn.)

575 2309 787 2320 *a

626 2835 717 2918 144.Ι

0 3033 1 3100 s
122 3037 333 3102 nemesion
349 3033 414 3100 III.
430 3035 540 3101 Modra
554 3033 660 3121 tirolp
675 3034 841 3121 onyjdaok
864 3034 1133 3122 biaonysdpieoele,
1165 3038 1250 3123 troqy

116 3145 269 3231 Kuelpest'
284 3143 398 3228 Jct'ooe,
414 3147 444 3209 e'e
459 3143 576 3232 Filpns
591 3153 702 3211 mester
717 3143 796 3229 fiai,
819 3141 973 3229 Zeneboop
999 3146 1031 3210 ee
1055 3141 1247 3228 Koelpesden

195 3343 199 3354 1
329 3251 515 3318 birtokokro
529 3252 625 3316 oenoe
640 3251 843 3318 tinoteseret
866 3249 968 3316 teret.
987 3249 1086 3316 1296.

1 3453 2 3480 ³
120 3443 124 3448 ’
229 3443 297 3512 Nos
314 3443 445 3513 domina
460 3445 521 3512 Th.
537 3447 600 3515 Dei
623 3447 735 3530 graoia
750 3451 855 3512 mater
879 3444 1020 3513 illustris
1045 3441 1146 3526 Regis
1162 3441 1251 3508 Hun-

118 3553 221 3640 garie,
237 3551 379 3622 Dueissa
395 3555 498 3621 tocius
515 3554 698 3640 solareris,
717 3561 749 3620 et
765 3551 966 3619 Gubernatix
982 3549 1132 3617 Paroinm
1149 3547 1251 3616 Citra·

121 3660 349 3728 danubialium
361 3682 462 3747 nsque
477 3663 642 3729 maritima
652 3661 837 3745 demuspro
847 3659 1021 3742 memeria3
1038 3659 1124 3740 quod
1134 3657 1252 3725 Comes

119 3769 236 3836 Petrus
252 3768 338 3836 filius
354 3769 532 3856 Deniponj‚
564 3778 596 3836 et
613 3767 790 3854 Gregorius
815 3767 901 3834 filius
927 3765 1091 3850 Kohodyy
1117 3785 1174 3850 pro
1198 3765 1253 3831 Jo-

120 3879 230 3945 hanne
243 3875 309 3941 lilio
325 3876 435 3944 Beoha
451 3878 492 3945 de
508 3877 652 3960 Knelges
672 3880 810 3958 cognato
827 3895 894 3954 suo,
914 3873 997 3942 siout
1014 3874 1173 3956 dixerunt,
1199 3891 1249 3938 oo-

120 4007 191 4052 ram
209 3985 304 4052 nobis
321 3983 487 4052 eonstitnti
512 3985 554 4049 ab
572 4003 636 4048 vna
661 3990 766 4069 parte,
795 3989 827 4049 et
851 3981 1009 4064 Magister
1036 3978 1244 4063 Laurenoius,

120 4093 280 4180 Philipps,
296 4089 471 4159 Ladizlaus
488 4092 547 4174 filij
563 4090 711 4175 Magistri
727 4087 863 4174 Philpus
880 4087 922 4154 ab
940 4087 1051 4169 altera,
1069 4103 1166 4168 super
1177 4085 1249 4166 qui-

1 4217 2 4274 l
121 4200 261 4269 busdam
278 4199 538 4286 possessionibus
555 4195 767 4282 hereditarijs
783 4198 849 4262 tale
866 4191 1090 4260 eoneambium
1106 4192 1191 4256 inter
1215 4208 1253 4256 se

1 4303 2 4308 ἵ
121 4313 371 4382 ordinauerunt:
388 4305 474 4392 quod
490 4306 568 4374 dieti
585 4305 644 4390 filij
661 4303 811 4387 Magistri
827 4301 965 4386 Philpns
986 4294 1150 4382 quandam
1176 4315 1249 4382 pos·

121 4425 301 4493 sessionem
316 4438 409 4486 ruem
426 4413 620 4499 Zeneboogh
637 4411 690 4480 nel
706 4405 991 4493 Franeheusieldy
1006 4410 1167 4490 noestam,
1177 4423 1251 4489 por·

1 4513 2 4547 ¹
120 4532 248 4601 eionem
265 4525 374 4596 tamen
401 4544 492 4593 suam
517 4524 610 4590 iaxta
636 4520 766 4588 fluuium
793 4517 920 4585 Karaso
948 4514 1152 4600 existentem,
1179 4529 1255 4576 eum

1 4645 2 4668 ¹
121 4637 272 4708 omnibns
287 4633 486 4704 vtilitatibns
502 4637 534 4698 et
548 4627 764 4717 pertineneiJs
778 4623 939 4694 vniuersis
956 4619 1121 4689 dederunt
1137 4625 1169 4686 et
1179 4635 1259 4718 oon-
