3124 5194
921 331 987 398 240

388 531 429 595 ab
446 527 595 594 omnibus
621 525 858 611 impetitoribus
874 524 1005 594 racione
1021 523 1119 593 huius
1135 531 1220 592 terre
1238 525 1394 612 expedire
1408 532 1438 592 et
1451 548 1499 611 per

387 637 494 703 omnia
511 633 682 702 defensare
696 635 838 721 proprijs
865 635 1032 701 laboribus
1047 641 1080 701 et
1096 634 1271 718 expensis3
1288 633 1498 703 nichilominus

388 749 542 811 canentes
567 762 666 828 super
696 741 875 825 ereocionc‚
895 749 929 808 et
953 741 1057 808 eciam
1083 743 1113 808 si
1137 740 1280 826 predicti
1295 741 1355 826 filij
1372 742 1502 825 Magistri

388 850 538 936 Philipus
563 859 594 920 et
610 869 720 918 eorum
736 850 873 917 heredes
890 850 1073 936 predictum
1088 849 1274 918 Johannem
1293 849 1395 918 lilium
1409 851 1502 917 Beeha

388 958 442 1025 nel
458 979 535 1026 enos
559 955 697 1024 heredes
727 955 899 1040 nequirent
924 954 1117 1044 defensare,
1149 963 1271 1023 extunc
1296 955 1357 1040 filij
1375 958 1504 1041 Magistri

388 1067 524 1152 Philpus
541 1085 582 1131 cx
606 1064 683 1149 alijs
707 1064 803 1131 terris
828 1062 895 1130 suis
919 1064 972 1130 vel
999 1083 1041 1129 ex
1057 1064 1144 1131 -aliis
1170 1064 1433 1150 possessionibus
1447 1067 1505 1132 suis

389 1174 587 1258 quibuslibet
617 1171 856 1257 impetitoribus
889 1178 921 1238 et
947 1171 1213 1239 molestatoribus
1239 1172 1347 1259 ipsius
1363 1171 1502 1239 Johannis

390 1301 587 1364 suorumque
603 1279 758 1346 heredum
778 1277 984 1346 satisfacient
1010 1279 1216 1364 expediendo
1241 1281 1397 1364 eosdem;
1414 1281 1456 1345 ita
1468 1281 1504 1344 ni-

389 1390 507 1456 dclioet
524 1389 612 1472 qnod
638 1388 766 1474 prefata
785 1387 950 1474 possessio
977 1389 1175 1472 Zenoboogh
1200 1399 1321 1457 vocata
1337 1410 1407 1457 curn
1422 1389 1503 1456 omni·

390 1503 450 1566 hus
467 1497 536 1564 suis
553 1496 762 1580 utilitatibus,
781 1505 813 1562 et
830 1499 891 1564 sub
909 1497 1033 1563 eisdem
1059 1499 1167 1582 metis,
1186 1519 1327 1582 quarum
1341 1517 1449 1563 cnrsns
1463 1517 1505 1563 cx·

391 1607 557 1690 primetur,
575 1607 665 1690 apud
697 1604 836 1670 eundem
860 1603 1043 1672 Johanncm
1075 1610 1106 1669 et
1131 1626 1207 1671 snos
1224 1603 1363 1672 heredes
1388 1603 1503 1690 pacifice

392 1720 548 1799 perpetuo
574 1712 755 1779 remanebit
779 1713 813 1778 in
838 1718 1032 1799 perpetuum
1057 1710 1271 1798 possidenda3
1307 1720 1403 1796 prout
1418 1713 1504 1776 eciun

390 1823 450 1888 hec
466 1821 624 1906 premissa
641 1823 674 1884 in
699 1819 885 1906 patentibus
902 1819 1019 1886 litteris
1051 1821 1183 1886 domine
1199 1821 1343 1886 Ducisse
1360 1819 1504 1885 eontinen-

390 1939 450 1995 tur.
465 1929 608 2008 Qnarum
626 1928 754 2012 quidem
772 1935 863 1994 tenor
879 1927 957 1994 talis
983 1935 1053 1994 est:

499 2037 565 2102 Nos
583 2033 714 2102 domina
730 2035 791 2102 Th.
808 2035 871 2103 Dei
896 2036 1011 2120 gracia
1043 2043 1149 2103 mater
1165 2025 1302 2104 illustr-is
1320 2035 1417 2118 Regis
1432 2031 1505 2098 Hun-

391 2145 485 2229 garie
501 2144 561 2209 stb.
581 2142 795 2228 (hovetkcaik
824 2143 1109 2211 Thomassinirnak
1142 2144 1278 2211 raso-ki
1295 2137 1502 2227 bizonystgle·

393 2251 477 2338 vele,
494 2250 575 2317 mint
594 2251 726 2317 ientehb
745 2253 823 2320 144.
841 2271 886 2317 sz.
904 2249 950 2338 a.)

501 2359 619 2425 Cursus
640 2367 748 2424 antem
774 2364 932 2425 metarum
958 2359 1054 2425 huius
1080 2364 1166 2425 terre
1181 2357 1384 2442 Zeuohoogh
1399 2360 1499 2434 vocate,

391 2473 486 2552 prout
501 2467 596 2534 homo
629 2473 740 2532 noster
756 2465 904 2533 Andreas
936 2467 1090 2532 sacerdos
1107 2465 1255 2534 Ecclesie
1270 2465 1394 2532 Sancte
1409 2461 1502 2530 Ornos

391 2573 431 2640 de
448 2575 530 2640 villa
546 2573 681 2639 filioram
699 2571 835 2640 Comitis
864 2573 1013 2640 Ladizlai
1044 2573 1102 2658 filij
1121 2573 1206 2640 Cleti
1220 2572 1383 2642 Kereztur
1405 2577 1502 2640 vocatu

391 2679 435 2750 ad
452 2681 644 2767 peticionem
671 2688 879 2765 utrarumque
905 2683 1050 2766 parcium
1075 2683 1155 2747 illuc
1172 2682 1402 2764 transmissus,
1425 2677 1499 2744 etad

391 2807 451 2854 nos
467 2807 629 2871 reuersus,
645 2789 860 2875 partibusque
875 2791 1066 2875 presentbus
1083 2787 1205 2854 ibidem
1221 2789 1318 2855 nobis
1336 2789 1424 2872 dixit,
1440 2784 1499 2850 talis

392 2901 459 2964 est:
490 2897 678 2982 Incipiendo
710 2898 837 2964 seilicet
867 2897 902 2962 in
928 2917 993 2962 vna
1018 2901 1107 2963 meta
1132 2905 1238 2964 terrea
1253 2898 1286 2962 in
1305 2889 1499 2974 littorcfinnij
1539 2957 1540 2962 ,

390 3003 520 3070 Karaso
535 3011 640 3071 erecta
657 3005 939 3072 commotaneitate
955 3011 1114 3071 terrarum
1130 3003 1278 3089 Magistri
1294 3002 1455 3072 Benedicti
1468 3000 1499 3066 de

392 3109 513 3197 Saagh,
531 3111 635 3178 tendit
651 3113 694 3177 ad
713 3119 837 3198 partem
853 3113 1163 3198 septemtrionalem,
1180 3117 1213 3178 et
1229 3110 1319 3177 cadit
1335 3109 1377 3177 ad
1400 3127 1497 3192 aquam

390 3217 582 3288 viminosam
594 3220 957 3306 Katlraplesavocatam
974 3243 981 3304 ;
999 3239 1060 3305 per
1076 3219 1166 3286 cuius
1183 3238 1268 3304 aque
1283 3219 1421 3287 medium
1436 3235 1501 3282 enn-

392 3323 434 3392 do
465 3328 531 3394 exit
546 3329 590 3394 ab
616 3327 729 3394 eadem
750 3328 794 3392 ad
811 3347 909 3393 vnam
936 3335 1054 3392 metam
1071 3333 1232 3410 terream;
1265 3327 1386 3394 deinde
1408 3340 1498 3412 proce·

393 3433 481 3500 ditur
497 3433 541 3499 ad
558 3434 706 3501 arborem
724 3453 875 3518 magnam
902 3435 1074 3521 armonya
1099 3441 1249 3500 vocatam
1274 3441 1363 3500 terra
1378 3430 1498 3501 cumula·

392 3549 458 3606 tam
475 3561 609 3609 croceus
625 3543 847 3627 consignatum
865 3541 936 3610 vice
952 3549 1046 3630 mete,
1064 3541 1119 3608 vbi
1136 3542 1226 3609 cadit
1240 3544 1276 3608 in
1294 3564 1410 3629 aquam
1428 3539 1495 3605 Neu·
1538 3575 1540 3602 :'

392 3647 491 3734 lenya
505 3659 665 3738 vocatam,
684 3659 715 3716 et
731 3672 789 3736 per
810 3651 952 3718 medium
977 3651 1082 3718 eundo
1110 3652 1205 3719 huius
1222 3672 1307 3735 aque
1324 3651 1432 3719 circuit
1444 3665 1498 3714 rer·

392 3776 447 3823 sus
464 3757 574 3823 villam
593 3757 702 3840 Saagh
713 3768 860 3826 vocatam
874 3782 881 3843 3
899 3759 1047 3826 exeundo
1059 3760 1100 3826 ab
1113 3759 1227 3826 eadem
1243 3780 1332 3844 aqua
1347 3758 1495 3837 Nenlenya

393 3865 483 3931 dicta
498 3865 626 3931 venitur
641 3865 685 3932 ad
701 3873 766 3932 tres
793 3867 924 3933 arbores
949 3865 1061 3932 ilicum
1078 3867 1259 3934 vicinanter
1285 3873 1444 3947 extantes,
1459 3861 1492 3924 ab

392 3993 456 4038 vno
472 3973 587 4039 trnnko
604 3973 659 4039 rel
674 3973 782 4042 radice
791 3973 1013 4060 procedentes,
1024 3983 1155 4042 terrane
1165 3977 1354 4064 cumulatas,
1372 3975 1495 4053 ferroque

393 4081 599 4165 consignatas
616 4079 686 4148 vioe
704 4088 807 4170 mete;
835 4081 955 4149 abhinc
980 4083 1023 4148 ad
1048 4104 1146 4150 vnam
1165 4089 1284 4150 metam
1310 4093 1437 4150 terream
1451 4095 1494 4144 an-

393 4189 549 4272 gularem,
567 4189 601 4254 in
617 4209 682 4273 qua
699 4196 747 4256 est
763 4189 859 4254 arbor·
877 4191 992 4276 ilicea3
1010 4191 1065 4258 vbi
1080 4192 1168 4258 cadit
1194 4193 1228 4258 in
1253 4212 1403 4276 magnam
1424 4185 1497 4254 usn

393 4295 434 4362 de
451 4295 560 4381 Saagh
577 4294 800 4365 decurrentem
831 4298 874 4364 ad
901 4298 1073 4366 ecclesiam
1105 4299 1205 4366 Beate
1230 4299 1333 4366 Marie
1359 4299 1396 4364 de
1410 4289 1492 4370 uuir,

392 4423 565 4488 perquam
582 4402 715 4470 diuertit
729 4401 772 4472 ad
787 4410 915 4489 partem
940 4405 1132 4472 orientalem
1158 4405 1301 4473 adduas
1318 4408 1441 4473 arbores
1453 4393 1495 4462 ili·

393 4511 440 4576 eis
456 4518 489 4577 et
504 4529 641 4594 quercus
657 4517 745 4577 terra
761 4509 954 4599 cumulatas,
964 4511 1019 4578 vbi
1036 4519 1087 4578 est
1102 4509 1200 4580 souea
1215 4532 1273 4580 seu
1289 4504 1492 4580 fossatumllu·

393 4615 473 4683 lista
488 4616 621 4702 dictum,
638 4637 795 4700 aquosum
812 4639 853 4688 ex
877 4618 1092 4686 inundacione
1117 4619 1322 4707 pluniarum,
1339 4603 1495 4701 aliquando
