3124 5194
533 949 537 952 ’
564 971 638 1042 reo.

42 1135 167 1216 Apc'csi
181 1131 351 1220 irriptnlen,
369 1159 390 1199 a
406 1136 558 1220 Koolpesr'
573 1137 678 1203 Jonas
695 1139 726 1202 co
741 1137 889 1224 Plrylpus
905 1139 1080 1205 mesternek
1097 1140 1165 1221 fiai

44 1238 126 1324 loni,
143 1239 283 1327 Keotpes
301 1246 332 1306 ὄσ
349 1242 523 1327 Zeoeboopb
540 1243 723 1330 bclystpeict
740 1248 895 1331 tcirqyazd
918 1245 1164 1312 biotokecerc‘nek

152 1347 301 1431 folytdrr,
317 1371 385 1412 ozan
395 1349 613 1436 jdszdpoloban
630 1353 834 1436 batdrjcirdst
851 1363 927 1417 tart.
944 1353 1040 1418 1296.

67 1546 71 1552 -
137 1506 299 1574 Nicolaus
316 1509 506 1594 Propositus
534 1515 567 1574 et
593 1508 778 1595 Capitulum
805 1510 1164 1596 Quinqueeoclesieusis

1 1609 3 1624 '
41 1611 178 1680 Ecclesia
193 1615 345 1681 omuibus
364 1635 496 1697 presens
513 1616 666 1702 seriptum
683 1617 890 1686 cernentibus
905 1618 1164 1686 salutemiuDo·

40 1717 128 1786 nino.
144 1720 197 1786 Ad
213 1723 438 1790 vniuersorum
454 1723 608 1790 noticiam
625 1726 774 1792 volumus
791 1727 981 1810 peruenire:
999 1726 1087 1810 quod
1110 1725 1163 1793 Jo-

40 1825 157 1895 leuues
173 1829 260 1898 lilius
276 1831 384 1898 Bceha
400 1829 441 1898 de
458 1832 606 1915 Koulges
623 1830 839 1917 personaliter
854 1831 887 1898 in
905 1833 1005 1900 nostri
1031 1854 1162 1920 presen-

41 1935 85 2000 cia
100 1937 292 2004 constitutus
310 1945 410 2004 totam
427 1937 614 2024 porcionem
632 1943 784 2006 terrestre
799 1939 1004 2026 hereditarie,
1021 1941 1092 2008 siue
1118 1948 1164 2006 to·

41 2043 129 2109 telem
144 2050 269 2116 terram
290 2065 383 2112 suam
409 2043 555 2130 Keulgcs
580 2051 727 2113 vocatam
754 2045 840 2112 vltra
863 2045 996 2114 fluuium
1021 2045 1162 2135 Drance,

42 2170 105 2216 cum
120 2151 249 2220 duabus
266 2151 363 2239 villis,
380 2159 502 2218 etcum
519 2151 615 2220 terris
631 2153 778 2219 omnibus
805 2153 884 2242 suis,
909 2153 1104 2222 utilitatibus
1130 2159 1163 2220 et

8 2322 13 2331 .
45 2258 250 2343 pertinencijs
283 2259 491 2344 quibuslibet,
520 2281 559 2327 ac
585 2261 839 2344 circumstaneijs
862 2261 1037 2346 uniuersis,
1063 2259 1162 2328 certis

44 2365 126 2432 metis
141 2374 175 2433 et
191 2367 341 2434 terminis
356 2366 500 2452 rudique
526 2365 756 2434 circumdatam
784 2376 816 2434 et
840 2369 1003 2454 vallatam,
1027 2367 1061 2434 in
1086 2387 1163 2434 con·

44 2473 192 2540 cambium
209 2474 345 2542 alterius
360 2479 455 2561 terre,
471 2476 555 2541 sient
572 2475 773 2560 exprimitur,
789 2473 881 2542 dedit
906 2482 938 2543 et
963 2475 1103 2542 contulit
1127 2483 1162 2540 et

5 2616 8 2627 ι
44 2581 163 2648 tradidit
178 2581 349 2664 Magistris
365 2581 552 2666 Laurensio,
571 2582 718 2668 Philipus
735 2591 768 2650 et
783 2583 939 2650 Ladizlao
957 2583 1033 2667 filijs
1060 2584 1160 2667 Magi·

44 2689 91 2754 stri
104 2688 241 2774 Philpus
258 2689 515 2756 inenodabiliter
526 2691 602 2774 jure
617 2695 774 2776 perpetuo
790 2687 1032 2776 possidendam,
1051 2696 1161 2758 teuen-

2 2863 4 2868 Α
45 2793 109 2860 dam
123 2797 247 2882 pariter
263 2801 295 2862 et
310 2795 511 2882 habendam,
526 2816 544 2863 e
560 2803 672 2862 contra
688 2795 750 2882 ipsi
767 2797 896 2864 nobiles
913 2799 1049 2866 iuuenes
1075 2799 1160 2866 Lau·

14 2988 18 2998 Ι
45 2903 167 2990 mucius,
184 2903 332 2990 Philipus
349 2911 382 2972 et
396 2903 571 2970 Ladizlaus
587 2903 645 2988 filij
664 2904 813 2990 Magistri
828 2903 962 2990 Philpus
979 2904 1037 2991 filij
1056 2907 1161 2974 Comi·

45 3011 79 3076 tis
92 3011 170 3080 Gleti
186 3013 221 3078 iu
238 3011 481 3099 presenciarum
507 3013 719 3098 personaliter
747 3019 973 3099 comparentes
998 3011 1161 3096 quendam

44 3118 218 3204 porcionem
250 3127 338 3186 terre
369 3140 448 3204 sue,
481 3139 537 3188 sen
563 3120 725 3205 quandam
768 3128 887 3186 terram
911 3119 963 3187 vel
988 3121 1161 3204 possessio·

48 3245 110 3292 nem
126 3248 218 3296 suam
228 3228 507 3314 Fraueheusfeldy
527 3229 577 3296 vel
588 3229 762 3310 Zeueboog
777 3225 898 3293 dictam
914 3227 949 3292 in
965 3227 1088 3293 ambitu
1098 3247 1161 3294 vno

44 3343 93 3400 seu
116 3336 188 3403 loeo
213 3335 301 3404 vltra
325 3339 496 3404 Dranoam
521 3338 613 3405 iuxta
638 3338 769 3404 fluuium
796 3337 926 3401 Karaeo
957 3335 1160 3402 adiacentem

46 3449 72 3506 et
97 3443 260 3532 situatam,
293 3445 389 3512 eertis
415 3444 510 3512 metis
535 3453 566 3510 et
591 3445 737 3511 terminis
759 3443 900 3525 vndique
931 3440 1161 3510 circumdatam

46 3558 72 3614 et
92 3553 256 3639 vallatam,
274 3571 344 3618 eum
379 3552 446 3620 suis
478 3552 627 3620 omuibus
659 3550 855 3618 utilitatibus
888 3558 920 3619 et
950 3549 1161 3637 pertinencijs

45 3657 248 3746 quibuslibet,
288 3680 327 3726 ae
359 3659 615 3743 circumstancijs
651 3659 833 3743 uniuersis,
865 3657 898 3723 in
940 3659 1161 3725 concambium

44 3764 156 3847 pretate
186 3774 275 3833 terre
315 3787 372 3834 seu
413 3764 632 3853 possessionis
673 3767 816 3850 Keolges
857 3764 1042 3850 dederuut,
1083 3786 1160 3832 con-

1 3878 2 3935 t
45 3871 172 3941 tulerunt
204 3882 237 3940 ot
268 3875 472 3943 tradiderunt
504 3872 649 3960 predicto
676 3872 819 3939 Johauui
848 3871 915 3940 filio
941 3873 1070 3959 Beoba,
1098 3873 1160 3940 sibi

47 3983 72 4043 et
84 4000 136 4065 per
151 4002 225 4049 eum
242 3985 309 4050 suis
326 3981 501 4049 heredibus
518 3980 736 4066 heredumque
762 4002 893 4048 suorum
918 3981 1159 4049 suecessoribus

45 4091 71 4149 ct
85 4089 327 4170 posteritatibus
352 4088 630 4156 irretractabiliier
655 4097 688 4155 ct
711 4086 970 4156 irrenoeabiliter
990 4087 1064 4170 jure
1088 4104 1158 4170 per-

1 4195 17 4238 i*
45 4202 126 4276 petuo
142 4197 384 4284 possidendam,
400 4197 577 4263 tenendam
593 4195 717 4280 pariter
743 4204 774 4261 ot
800 4191 1003 4280 habendam3
1028 4192 1070 4256 ad
1096 4193 1156 4257 hec

1 4363 2 4386 ,
45 4304 263 4385 prenominatis
278 4305 445 4389 Magistris
460 4307 656 4390 laurencio,
673 4303 801 4389 Philipo
818 4309 851 4368 et
881 4301 1040 4367 Ladizlao
1068 4299 1156 4383 filijs.

1 4406 2 4495 l
45 4407 331 4499 MagistriPhilpus
348 4416 642 4498 assumpmeutibus
657 4413 742 4478 bona
758 4408 821 4476 lide
849 4410 919 4475 sine
942 4406 1058 4474 frende
1083 4425 1158 4472 eun-

1 4601 2 4608 *
46 4512 105 4582 deur
119 4519 298 4586 iohannem
315 4521 418 4587 filium
435 4521 546 4589 Becha
561 4521 594 4586 iu
614 4521 741 4606 prelata
751 4517 954 4604 possessione
965 4514 1158 4597 Zeuoboogb

1 4665 2 4718 3
46 4633 145 4692 vocata
160 4628 396 4695 inuiolabiliter
413 4634 445 4697 et
460 4629 705 4696 immutabiliter
731 4631 886 4712 perpetuo
903 4643 1107 4707 conseruare,
1125 4629 1158 4690 et
