3234 5194
558 333 724 440 ..b-3·—

80 533 179 592 metas
207 525 365 596 eiusdem,
382 526 600 611 possessionis
621 527 745 595 (lumur
775 527 1082 616 perambulassent,
1099 531 1132 592 et
1148 522 1204 591 ubi
1301 609 1303 614 Δ

79 650 210 700 neeesse
227 631 401 714 extitisset,
414 653 516 699 nouas
533 639 637 700 metas
654 635 849 720 erexissent;
864 642 897 703 et
907 635 1047 702 uniuersi
1058 631 1156 700 vieini
1174 636 1204 696 et

81 739 293 809 commetanoi
311 735 394 803 diote
410 739 627 822 possessionis
647 741 770 808 Gnmnr
794 743 954 828 prophete
970 737 1152 822 statueioni,
1170 741 1202 802 et

79 845 334 917 reambnlaeioni
351 853 384 912 et
400 847 563 913 ereeoioni
582 855 741 915 metarum
758 849 862 916 eidem
880 851 997 917 Comiti
1013 850 1114 934 Batyn
1131 864 1201 912 eon·

80 976 207 1024 sensnm
225 953 427 1042 prebuerunt
443 963 475 1020 et
491 975 670 1022 assensum.
688 957 807 1024 bursus
822 965 930 1025 autem
947 966 1102 1024 metarum
1119 956 1202 1020 eius·

80 1063 146 1128 dem
161 1061 382 1147 possessionis
409 1062 548 1144 (iomar,
580 1083 651 1128 oum
678 1065 793 1146 quibus
810 1084 831 1129 a
848 1063 964 1131 vicinis
982 1071 1012 1130 et
1029 1065 1202 1130 commeta·

80 1171 146 1235 nois
161 1168 231 1234 suis
249 1175 442 1252 separatur,
474 1168 615 1250 qualiter
645 1171 738 1235 nobis
764 1169 902 1254 predicti
929 1177 1040 1236 noster
1056 1175 1089 1235 et
1105 1169 1199 1234 hoino

81 1275 194 1360 Regius
211 1275 309 1341 nobis
326 1273 523 1340 vuanimiier
548 1273 736 1360 recitarunt,
768 1277 879 1342 taliter
895 1275 1047 1362 incipitur
1064 1300 1071 1340 ε
1087 1277 1199 1342 Prima

81 1383 158 1450 enim
175 1388 265 1448 meta
280 1382 396 1466 incipit
411 1382 445 1446 in
462 1401 526 1448 vna
542 1385 605 1468 via,
640 1404 701 1466 que
728 1383 768 1450 de
786 1383 899 1450 eadem
918 1385 1041 1450 Gumur
1057 1383 1145 1450 duait
1161 1383 1203 1448 ad
1252 1459 1258 1468 ὀ

81 1491 184 1556 Elswa
202 1489 245 1556 ad
273 1494 383 1574 partes
400 1492 692 1575 septemtrionales,
729 1498 761 1557 et
788 1491 820 1556 in
837 1493 948 1576 eapite
963 1490 1130 1558 cniusdam
1146 1489 1205 1554 Za-

83 1595 318 1682 latbnapatoka
335 1598 465 1663 nomine
481 1605 557 1664 sunt
582 1605 720 1680 quatuor
739 1604 823 1664 mete
845 1603 971 1683 terree,
988 1616 1123 1682 quarum
1140 1615 1204 1660 vna

84 1710 249 1788 separata
265 1705 477 1788 possessione
488 1705 633 1772 eiusdem
652 1704 785 1787 Gumnr,
795 1701 938 1770 seeundo
954 1709 1004 1770 est
1019 1709 1106 1768 meta
1122 1711 1205 1768 terre

84 1809 223 1876 Eoelesie
241 1811 339 1876 Beati
354 1811 515 1878 lobannis
538 1811 685 1897 Baptiste
706 1810 747 1876 de
763 1809 885 1896 Jazow,
902 1810 1005 1878 teroia
1020 1808 1168 1892 distingit
1184 1829 1204 1873 a

28 1975 30 1984 .
83 1918 285 2001 possessione
302 1916 514 2003 Chobothow,
534 1925 682 2000 quartae
698 1917 903 2002 possessione
914 1915 1080 1984 Bereebke
1095 1939 1102 1998 3
1115 1921 1147 1981 et
1164 1913 1204 1981 de

28 2073 29 2076 ,
84 2022 144 2089 illis
159 2031 297 2106 quatuor
313 2025 407 2090 metis
424 2023 457 2088 in
474 2044 538 2088 vua
550 2025 604 2090 uia
620 2022 768 2110 graditur
784 2022 827 2090 ad
844 2023 1000 2089 orientem
1017 2021 1050 2087 in
1065 2019 1204 2106 quodam

85 2129 358 2197 Zalathnaberobe
379 2133 517 2197 ¹nomine
532 2151 592 2216 per
621 2130 783 2215 quoddam
809 2129 954 2216 spaoium
964 2182 973 2216 ,
991 2137 1022 2196 et
1039 2128 1206 2196 deseendit

87 2235 125 2302 ad
139 2239 299 2321 quendam
318 2238 438 2304 fontem
464 2241 596 2305 nomine
612 2239 865 2316 Monoroskuth,
892 2240 983 2304 iuxta
1007 2257 1102 2322 quam
1120 2237 1204 2304 viam

28 2341 30 2378 s
87 2351 208 2430 aparte
234 2346 494 2428 septemtrionali
522 2347 674 2414 oessisset
698 2345 896 2431 possessioni
926 2345 1104 2424 Berethis,
1138 2350 1205 2410 eta
1300 2387 1305 2392 -

87 2459 172 2534 parte
187 2450 393 2519 meridionali
410 2453 609 2538 possessioni
627 2451 767 2536 Gumnr3
802 2454 889 2519 etde
905 2450 1017 2520 eodem
1034 2451 1123 2518 fonte
1139 2471 1206 2518 our·

28 2615 29 2648 3
87 2557 177 2624 rendo
193 2557 234 2624 ad
251 2558 410 2624 orientem
427 2561 514 2625 eadit
539 2561 583 2626 ad
600 2560 733 2626 fluuium
760 2561 857 2645 Sayo,
876 2559 956 2627 etin
973 2559 1090 2627 eodem
1106 2559 1205 2626 fluuio

28 2655 30 2676 '
88 2661 166 2749 Saye
181 2663 420 2750 supra·direote
445 2667 544 2732 ourrit
570 2687 627 2752 per
644 2687 796 2750 magnum
822 2668 1025 2755 spaoium,et
1042 2666 1204 2751 quoddam

28 2757 30 2846 ζ
90 2790 192 2836 nemus
223 2771 355 2837 nomine
387 2771 596 2857 Gyrusberek
628 2773 848 2857 transeundo,
882 2772 967 2857 quod
993 2782 1097 2842 estex
1113 2780 1205 2860 parte

28 2943 30 2946 .
88 2875 213 2943 orientis
231 2876 377 2945 eiusdem
401 2877 504 2964 fluuij,
522 2881 669 2963 peruenit
690 2880 734 2946 ad
751 2880 912 2964 quandam
945 2881 1204 2949 inonruaoionem

89 2983 222 3049 eiusdem
238 2983 331 3068 fiuuij
349 2983 448 3072 Sayo,
465 2993 496 3052 et
522 2985 607 3050 eirea
623 2986 786 3070 quandam
818 2988 966 3053 arborem
999 2987 1110 3055 saliois
1127 2994 1205 3073 eryt

90 3089 126 3156 de
140 3089 247 3158 eodem
265 3090 364 3159 fluuio
380 3097 411 3156 et
426 3091 551 3174 giratur
580 3091 624 3157 ad
640 3094 806 3178 orientem,
824 3091 917 3159 iuxta
934 3092 1098 3177 quandam
1114 3093 1205 3158 arbo-

92 3220 150 3264 rem
165 3199 276 3267 salinis
293 3205 367 3264 sunt
384 3200 480 3283 signa
497 3205 662 3284 metarum,
679 3200 733 3266 vbi
749 3219 790 3264 ax
808 3187 903 3283 parte
916 3198 1123 3268 meridionali
1139 3219 1204 3266 oes-

91 3305 176 3372 sisaet
191 3306 395 3393 possessioni
412 3305 548 3391 Gnmnr,
566 3326 605 3373 ex
620 3313 713 3392 parte
728 3306 988 3392 septemtrionali
1005 3308 1204 3393 possessioni

28 3401 30 3408 ’
92 3411 224 3496 Zeplak3
241 3419 276 3479 et
292 3410 411 3479 deinde
427 3409 531 3478 adbuo
555 3413 598 3479 ad
630 3414 784 3481 orientem
811 3413 970 3481 ourrendo
981 3467 990 3502 ,
1009 3423 1041 3480 et
1066 3415 1204 3500 quedam

28 3575 30 3610 ,
92 3517 181 3585 linuia
195 3521 282 3588 vltra
297 3521 493 3588 transeundo
525 3523 674 3607 peruenit
699 3523 741 3587 ad
767 3523 913 3588 arborem
938 3523 1048 3610 zytfo,
1064 3523 1124 3589 sub
1141 3543 1206 3607 qua

28 3611 29 3666 f
93 3629 157 3690 sunt
172 3625 233 3694 due
250 3633 337 3694 mete
353 3635 476 3712 terree;
494 3633 525 3694 et
540 3630 583 3693 ab
599 3629 713 3696 eadem
730 3630 845 3696 arbore
865 3629 974 3695 adhue
989 3628 1035 3694 ad
1051 3629 1206 3696 orientem

28 3761 30 3768 v
93 3750 195 3813 parum
212 3733 369 3802 ourrendo
387 3735 475 3801 eadit
491 3733 533 3801 ad
556 3735 720 3820 quendam
754 3743 893 3803 meatum
910 3737 1000 3822 fluuij
1019 3737 1206 3803 Kunesbeer

28 3893 30 3912 ἶ
94 3836 218 3926 diotam;
233 3848 267 3908 et
282 3841 316 3907 in
340 3840 451 3907 eodem
468 3845 577 3908 meatu
594 3841 685 3926 fluuij
703 3842 878 3910 reflectitur
903 3843 946 3908 ad
962 3843 1127 3909 meridiem
1153 3864 1203 3928 pe-

94 3963 143 4011 nes
158 3945 317 4029 quandam
334 3947 445 4014 villam
463 3947 592 4014 nomine
613 3947 752 4014 Inferior
767 3949 921 4034 Panyob;
939 3951 994 4033 qui
1007 3955 1132 4016 meatus
1148 3948 1204 4014 flu·

28 4109 29 4140 ,
95 4049 133 4134 uij
149 4071 244 4136 penes
260 4061 346 4119 ortos
363 4053 506 4120 eiusdem
527 4054 600 4120 villo
618 4053 749 4138 flueret;
768 4053 846 4120 etin
864 4054 978 4120 eodem
996 4061 1203 4136 meatusque

95 4157 181 4222 uurrit
195 4159 237 4224 ad
255 4158 418 4227 meridiem
430 4181 487 4246 per
500 4179 650 4244 magnum
662 4161 807 4244 spaoium
824 4180 924 4244 penes
942 4160 1105 4244 qrrandam
1117 4161 1202 4227 niam

95 4282 253 4354 magnam,
271 4277 302 4334 et
318 4271 406 4335 venit
438 4267 480 4334 ad
507 4265 666 4351 quendam
695 4269 797 4333 loeum
831 4267 948 4348 salicis,
980 4270 1124 4334 vbisunt
1140 4267 1201 4333 due

28 4389 30 4474 ἐ
97 4377 169 4439 mete
183 4379 294 4460 terrae,
312 4374 401 4443 euius
417 4383 542 4442 meatus
560 4373 656 4440 riunli
672 4394 692 4440 a
708 4381 800 4458 parte
818 4373 951 4441 orientis
968 4375 1201 4460 oessissetpos·

28 4477 31 4576 ᾗ
97 4480 221 4548 sessioni
252 4483 442 4568 Panyoh‚a
466 4489 558 4568 parto
590 4481 763 4550 occidentis
797 4481 997 4566 possessioni
1015 4479 1153 4568 (inmun,
1169 4491 1201 4549 et

28 4609 30 4680 ξ
97 4589 162 4655 tnda
175 4588 348 4656 refleotitur
364 4590 486 4658 direote
502 4590 544 4656 ad
569 4589 735 4681 orientem,
757 4597 787 4658 et
803 4589 895 4658 uadit
910 4589 953 4658 ad
969 4590 1051 4657 duas
1068 4593 1199 4661 arbores
