3180 5202
581 347 743 450 :Q

88 541 174 630 filijs
199 541 337 610 (inmitis
354 540 484 610 Andree
501 547 533 608 ct
550 541 680 610 domiue
704 545 800 612 matri
816 543 959 630 ipsorum
969 595 979 631 ,
1005 566 1103 631 quam
1125 545 1229 614 eciam

13 703 18 708 .
91 651 332 719 commetcneis
348 652 492 736 ipsarum
508 657 750 738 possessionum
776 674 873 742 super
887 653 949 721 hcc
965 653 1055 722 tacto
1079 653 1229 722 duximus
1327 705 1329 710 ,
1380 677 1382 681 ’

90 759 270 828 silencium
286 765 478 848 perpetuum
495 759 745 848 imponendum,
770 761 873 828 saluis
895 767 1004 829 tamen
1020 763 1141 830 nostris
1156 781 1228 847 pcr-

2 903 6 932 r
91 867 247 936 cicuibus
271 869 307 936 iu
332 871 480 938 omnibus
510 867 680 954 premissis
704 869 960 938 remanentibus.
991 872 1113 936 Datum
1137 868 1229 938 Bude

90 967 239 1061 septimo
273 976 327 1043 dic
357 976 595 1061 quindenarum
612 977 706 1043 Beati
738 976 911 1045 Michaelis
929 976 1126 1062 Archangeli
1142 997 1228 1046 auno
1289 1003 1306 1018 ⁸

91 1084 229 1151 Domini
245 1083 291 1150 M⁰
306 1085 541 1153 trecentesimo.

91 1281 236 1350 (Eredetie
245 1279 421 1351 btrhirtyim
431 1298 449 1334 a
458 1281 611 1335 utros-attii
622 1280 848 1349 selyemcsintrou
858 1283 967 1350 tuggtttt
976 1280 1068 1350 peccet
1078 1280 1207 1334 sluesuett
1221 1300 1228 1347 ς

402 1373 514 1425 abudai
529 1373 580 1424 kir.
594 1373 718 1425 kamarai
737 1369 929 1439 levtltelrban,)

559 1663 770 1675 0‹-·-—--—=-·--—---

629 2201 708 2270 258.

2 2421 3 2424 ’
98 2402 213 2466 Meda
228 2423 328 2466 comes
344 2403 563 2487 cloreccipbirrt
586 2403 778 2488 mephapyja
802 2426 823 2466 c
839 2401 1023 2465 kercszteeelc
1048 2401 1229 2485 eeatcrpama'

2 2494 3 2524 ³
101 2508 332 2596 konvmtjtnele
341 2558 352 2590 ,
377 2508 460 2596 loqy
477 2531 515 2574 aa
532 2531 599 2574 esen
615 2510 741 2595 tapphua
756 2511 858 2576 hozett
875 2507 1232 2594 ittletetfcpaaotoss'ten

619 2616 715 2686 1300.

2 2898 3 2901 Ἴ
212 2811 298 2879 Viris
315 2812 476 2897 religiosis
492 2815 606 2882 amieis
622 2815 690 2882 suis
706 2813 904 2881 Reuerendis
928 2813 1084 2898 Magistro
1101 2817 1133 2878 et
1149 2812 1229 2878 Gon·

2 2959 3 2964 κ
99 2921 214 2990 ueutni
239 2921 474 2988 Grueifercrum
489 2924 613 2990 Domus
636 2923 818 3010 Hospitalis
834 2922 980 2988 Ecclesia
1004 2919 1115 2988 Saueti
1130 2917 1229 3000 Regis

99 3031 142 3096 (le
159 3029 325 3113 Strigonio
341 3029 456 3096 Ocmcs
481 3032 528 3099 St.
545 3029 722 3117 Vicejudex
738 3030 833 3096 Guric
858 3028 979 3096 domiui
1004 3026 1103 3112 Regis
1119 3024 1228 3094 amici·

2 3164 3 3196 2
102 3137 188 3213 ciam
205 3145 364 3225 paratam.
374 3135 558 3227 'Noueritis‚
573 3141 607 3206 in
623 3137 866 3206 litterisvestris
882 3137 1011 3203 dominc
1027 3135 1108 3218 Regi
1125 3141 1228 3202 traus-

2 3278 4 3290 ·
100 3245 210 3314 missis
229 3245 321 3312 uobis
346 3245 542 3333 constitisse,
568 3247 655 3333 quod
679 3245 845 3313 lohannes
871 3244 911 3311 de
936 3241 1049 3329 Pynke
1063 3242 1158 3310 homo
1174 3242 1228 3309 do·

2 3346 3 3432 J
101 3352 183 3418 mini
198 3351 309 3438 Regis,
324 3351 602 3440 presentejvescro
628 3352 821 3439 testimonio,
852 3351 1041 3436 Magistrum
1055 3349 1162 3418 Zoard
1177 3370 1230 3417 ne·

2 3497 4 3540 7
101 3465 218 3545 potem·
228 3459 330 3527 Weoh
347 3482 404 3546 pro
419 3461 506 3528 tacto
516 3462 690 3550 principali
701 3469 734 3527 et
743 3461 1006 3549 racioncscptsm
1019 3457 1229 3546 judiciorum,

102 3573 135 3634 et
151 3567 290 3633 aliorum
306 3573 433 3655 septem
443 3568 643 3652 judiciorum
653 3622 663 3656 ‚
695 3589 733 3635 co
751 3567 837 3654 quod
851 3566 935 3636 idem
952 3567 1108 3652 Magister
1123 3563 1230 3634 Zoard

2 3713 3 3754 3
101 3675 253 3742 diuersas
270 3695 306 3742 se
322 3677 452 3743 dicebat
468 3685 578 3745 eontra
596 3678 787 3764 Nicolaum,
803 3676 978 3762 inducam,
998 3675 1181 3744 iohannem
1197 3680 1230 3740 et

101 3783 192 3850 Bcex
207 3783 293 3850 lilios
308 3783 437 3854 Audree
454 3786 495 3852 de
511 3787 641 3872 Ecaten,
668 3806 706 3854 ac
723 3785 885 3852 dominam
902 3792 1039 3852 matrem
1055 3779 1230 3851 eorundem

2 3884 3 3958 ἶ
101 3889 248 3957 relictam
265 3891 367 3977 ipsius
383 3891 523 3979 Audrcc,
549 3893 671 3960 habere
688 3895 857 3970 acciones3
874 3897 905 3958 et
921 3893 996 3957 licet
1012 3892 1140 3958 nomine
1156 3907 1230 3975 pos·

2 4007 16 4060 ί
103 3997 262 4065 sessionis
279 4001 455 4067 eorundem
471 4002 505 4066 in
528 4001 735 4087 possessione
750 4000 852 4066 Saros
878 4004 995 4067 uocata
1018 3997 1053 4064 in
1070 3995 1230 4064 comitatu

103 4104 329 4192 Strigonyensi
346 4109 519 4176 existentis
535 4108 682 4194 legitime
698 4110 796 4176 semel
814 4115 847 4175 et
861 4105 1002 4176 secundo
1018 4103 1116 4173 fuerit
1131 4101 1229 4170 iutro-

103 4213 237 4280 ductus:
253 4218 363 4281 tamen
375 4215 452 4298 quia
460 4217 602 4283 Karalus
620 4213 892 4284 tratechulandi
903 4209 1065 4298 quondam
1075 4204 1229 4300 Episcopi

2 4347 3 4374 r
103 4321 282 4390 Bonnensis
298 4321 339 4391 de
355 4325 430 4410 ipsa
445 4326 657 4412 possessione
670 4324 769 4391 Seras
795 4324 901 4409 ipsum
916 4323 1107 4406 Magistrum
1123 4319 1229 4388 Zoard

2 4433 4 4522 ᾗ
103 4429 318 4512 personaliter
333 4433 366 4498 in
382 4433 483 4500 nostri
500 4433 672 4518 presencia
692 4432 858 4498 inuentum
888 4427 1074 4518 prohibuit,
1091 4427 1228 4496 eandem

2 4530 4 4620 ἓ
104 4555 195 4604 suam
213 4553 285 4604 csse
301 4539 497 4606 asserendo:
527 4537 705 4605 amiciciam
732 4543 876 4608 uestram
890 4535 1081 4623 requirimus
1098 4555 1138 4602 ex
1154 4533 1231 4603 affe·

2 4631 4 4701 ἶ
103 4648 166 4732 ctu,
182 4651 344 4738 quatenus
360 4647 443 4720 detis
458 4646 676 4718 testimouium
693 4654 846 4736 uestrum,
860 4665 969 4718 coram
984 4665 1049 4732 quo
1064 4642 1229 4742 predictus
