3146 5192
883 337 1040 440 Q

927 844 1002 913 222.

396 1047 508 1110 Errdrc
527 1047 598 1131 cyri
609 1044 797 1130 pilopdlraclc
820 1067 841 1106 a
864 1039 989 1106 Cheake
1014 1043 1170 1126 helpee'pre
1200 1042 1374 1108 eonackozo
1397 1043 1504 1124 lelllear'
1532 997 1534 1004 l

635 1151 856 1236 joqoeitodoyt
871 1151 1025 1234 tdrpyozd
1047 1150 1157 1214 iterate.
1174 1149 1271 1211 1299.

502 1343 654 1409 Andreas
670 1344 884 1409 miseracione
899 1343 1023 1408 Diuiua
1049 1340 1230 1426 Episcopus
1257 1339 1426 1422 Agriensis
1447 1341 1501 1406 rni-

396 1449 502 1516 uersis
520 1449 636 1532 quibus
662 1450 795 1534 expedit
821 1456 853 1514 et
879 1454 1044 1534 presentes
1071 1447 1294 1531 ostendentur,
1321 1448 1454 1514 salutem
1476 1448 1504 1510 in

395 1557 543 1622 Domino.
561 1555 612 1621 Ad
639 1555 862 1622 uniuersorum
887 1555 1043 1621 noticiam
1069 1560 1179 1620 tenore
1203 1555 1407 1640 presencium
1432 1555 1504 1618 rolu-

395 1682 467 1729 mus
483 1661 661 1747 peruenire,
681 1661 860 1745 quodlicet
876 1681 972 1746 super
1004 1661 1087 1726 villa
1118 1660 1252 1728 Cheuke
1267 1659 1381 1728 fuisset
1393 1667 1505 1728 conten·

397 1768 456 1852 cio,
482 1769 535 1834 cui
560 1769 707 1836 Ecclesia
730 1769 801 1834 iure
826 1765 1018 1854 parochyali
1043 1767 1085 1832 sit
1109 1757 1275 1851 subiecta3
1301 1775 1409 1833 tamen
1439 1766 1502 1848 quia

397 1873 542 1940 Briocius
556 1872 816 1940 Archidiaconus
833 1873 875 1939 de
890 1871 1045 1956 Zobolch,
1063 1874 1153 1939 cuiue
1168 1871 1374 1954 inquisitioni
1399 1873 1503 1942 factum

395 1979 578 2045 huiusmodi
594 1980 867 2059 commiseramus,
884 1979 965 2044 dixit
980 1979 1083 2062 nobis,
1111 1978 1198 2064 quod
1223 1981 1308 2047 scita
1332 1977 1501 2048 omnimode

393 2085 540 2172 ueritate,
555 2107 577 2151 a
593 2089 710 2168 quibus
726 2085 819 2151 licuit
835 2091 867 2150 et
884 2085 1000 2171 decuit,
1011 2105 1147 2168 quorum
1158 2087 1312 2152 noticiam
1323 2107 1379 2171 rey
1389 2085 1502 2154 euiden-

393 2193 446 2258 cia
462 2193 563 2260 latere
580 2214 644 2260 uou
660 2193 774 2278 potuit,
791 2193 864 2277 ipsa
879 2193 960 2258 villa
977 2192 1062 2275 quod
1088 2189 1132 2258 ad
1157 2191 1342 2260 Ecclesiam
1365 2193 1499 2261 Omnium

394 2296 586 2364 Sanctorum
603 2300 643 2364 de
658 2299 789 2366 Zullrud
815 2319 836 2365 a
860 2305 1007 2385 tempore
1032 2301 1123 2366 cuius
1149 2299 1204 2366 uix
1230 2307 1322 2367 extat
1352 2301 1498 2384 memoria

392 2403 462 2470 iure
479 2404 642 2490 spirituali
658 2405 907 2490 pertinuisseut;
925 2425 984 2472 nos
1015 2406 1175 2473 ueraciter
1191 2405 1298 2472 edocti
1315 2406 1428 2473 dictam
1450 2405 1498 2471 uil·

392 2510 459 2576 lem
476 2510 611 2577 Chenke
627 2511 697 2577 iure
713 2510 873 2596 spirituali
890 2511 1090 2578 restituimus
1105 2511 1253 2579 Ecclesia
1269 2513 1415 2580 Omnium
1431 2511 1500 2576 Sau-

391 2623 515 2686 ctorum
532 2617 573 2684 de
590 2617 731 2705 Zullrud,
742 2625 774 2684 et
785 2618 977 2684 auctoritate
987 2620 1189 2704 presencium
1207 2619 1413 2702 reddidimus,
1423 2619 1497 2684 cuins

394 2723 603 2809 parochyalis
618 2726 728 2792 fuerat
743 2728 786 2793 ab
802 2727 947 2812 antiquo,
981 2747 1053 2791 cum
1079 2733 1182 2792 muter
1207 2728 1360 2796 Ecclesia
1388 2725 1498 2794 nonnisi

389 2828 496 2896 ardua
512 2831 777 2898 consideracione
792 2831 916 2917 priuati
933 2831 1050 2899 debeat
1075 2853 1133 2899 suo
1163 2832 1242 2899 iure.
1270 2835 1388 2900 Datum
1410 2834 1495 2917 Agris

390 2957 477 3004 anno
492 2937 624 3005 Domini
640 2937 761 3004 Μῦῦὒο
776 2941 990 3022 nonagesimo
1006 2939 1064 3003 IX.

388 3130 531 3199 (Eredetie
557 3130 734 3202 bornnrytn,
748 3135 864 3200 melyrb'l
877 3132 1049 3201 sergo-vcros
1061 3135 1294 3200 sclyemasindron
1307 3152 1324 3186 a
1336 3133 1424 3203 peccet
1435 3139 1494 3186 rore·

599 3221 698 3278 reddlrc
712 3222 788 3290 sugg,
802 3240 819 3275 a
831 3241 916 3274 nemu.
931 3239 1056 3275 muasum
1070 3221 1312 3290 kdairettdrdban.)

843 3473 1056 3484 —-..-———-

944 3864 1020 3931 223.

385 4067 448 4132 Pol
459 4065 551 4152 picei
560 4063 750 4151 pllopdloack
765 4063 1040 4147 dizonyedplcoelc,
1058 4063 1141 4146 lmpy
1156 4062 1292 4145 Pooeyci
1318 4055 1489 4142 Iododyle·

386 4183 566 4239 trementer
581 4171 659 4238 ellan
669 4171 850 4258 praecedit,
868 4170 961 4236 rnivel
976 4193 1008 4234 ez
1025 4177 1086 4234 oter
1097 4167 1393 4236 birtokooollctezo.
1404 4161 1486 4230 1299.

495 4368 565 4433 Nos
583 4367 619 4432 P.
642 4365 763 4431 Diuina
793 4364 1007 4432 miseracione
1032 4363 1213 4449 Episcopus
1240 4357 1492 4446 Quinquelicole-

386 4471 506 4543 aiensis
523 4473 676 4539 memorie
701 4469 977 4556 commendamus,
1003 4470 1089 4556 quod
1114 4471 1206 4537 Iwan
1233 4469 1318 4536 lilius
1342 4465 1441 4534 Imbur
1461 4459 1493 4526 de

384 4583 514 4662 Posega
533 4581 577 4647 ad
592 4587 738 4647 nostram
754 4579 939 4646 accedendo
955 4579 1156 4665 presenciam
1173 4595 1231 4663 per
1248 4577 1378 4645 modum
1401 4577 1490 4659 prote·
