3132 5192
692 333 801 406 61'

134 542 217 592 rem
234 525 280 594 ad
295 523 469 596 eorundem
487 526 572 616 (lgy)
588 531 733 618 parcium
748 531 944 602 instanciam
961 544 1129 622 presentes
1147 561 1276 612 conces·

136 635 253 702 simus
267 633 395 704 litteras
413 637 517 722 sigilli
533 640 635 706 nostri
649 641 829 710 munimine
854 641 1068 716 confirmatas.
1094 649 1189 718 Anno
1214 653 1277 720 Do·

135 741 269 810 miniee
283 741 527 814 Incaruaeionis
543 747 662 814 M⁰cc⁰
678 749 887 834 nonagesimo
910 753 1024 841 primo,
1040 755 1126 844 ydus
1143 757 1277 826 Decem·

57 845 60 850 '
136 848 234 934 bris;
249 849 445 919 Reuerendo
461 855 531 920 viro
546 854 703 944 Magistro
720 857 892 927 Theodoro
907 861 1055 930 Ecclesie
1071 871 1181 932 nostre
1198 865 1274 932 Pre-

134 955 268 1040 posito,
284 957 360 1024 aule
376 958 475 1043 Regis
490 961 569 1029 Viee
593 963 805 1052 Ouneellario,
830 965 919 1034 Esau
944 967 1093 1058 Contere,
1114 970 1276 1057 Gregorio

137 1059 300 1148 Custode,
316 1063 468 1134 Johanne
483 1065 592 1155 (Ihee)
609 1069 742 1139 Decano
759 1075 984 1143 existentibus.

139 1273 286 1340 (Eredetie
299 1275 477 1349 burhtnyin,
487 1281 604 1347 melyrt'il
616 1297 632 1333 a
644 1284 736 1351 pecsdt
748 1247 924 1353 ubres-sirpe
946 1288 1177 1353 selyemusinbron
1190 1295 1277 1374 ftlgg3

450 1371 561 1421 abudai
574 1372 627 1426 hir.
640 1372 760 1425 lamanai
782 1370 974 1456 levblttrban.)

142 2385 177 2449 A
196 2383 475 2472 (lyelafcbe'rmdre'
490 2389 716 2472 bdptulanaolc
726 2389 1002 2475 biaorsyedplevele,
1023 2391 1104 2476 bopy
1120 2414 1140 2454 a
1156 2391 1273 2477 eadbely

141 2492 274 2558 credetit
284 2494 460 2560 Romaene
468 2495 539 2578 fini
552 2495 694 2562 Bettclelc
710 2503 790 2560 acuit
798 2495 962 2582 fbidjiileet
988 2497 1111 2564 aniel
1126 2501 1157 2564 ds
1183 2499 1276 2564 Sala·

358 2624 426 2666 anon
443 2601 579 2668 Komba
595 2601 665 2670 Cael
673 2605 811 2686 ficiculo
826 2604 966 2670 eladtdlr.
985 2606 1081 2670 1291.

258 2797 443 2881 Capitulum
460 2796 607 2878 Ecclesia
621 2797 718 2864 Beati
733 2781 907 2866 Michaelis
932 2800 1130 2884 Archangeli
1157 2801 1274 2868 Trans·

142 2905 277 2970 siluane
293 2903 451 2970 uniuersis
468 2901 588 2970 Christi
602 2905 751 2972 fidelibus
768 2912 834 2973 tarn
851 2905 1055 2992 presentibus
1072 2926 1170 2990 quam
1187 2907 1272 2974 futu·

145 3013 194 3078 ris
209 3031 342 3096 presens
358 3013 513 3098 scriptum
528 3013 722 3098 inspecturis
738 3015 873 3081 salutem
902 3014 935 3080 in
961 3014 1078 3082 salutis
1103 3015 1271 3099 largitore.

145 3117 379 3188 Vniuersernm
395 3122 516 3190 notieie
531 3122 645 3190 harum
656 3123 738 3190 serie
749 3123 970 3208 declaramus,
989 3124 1076 3206 quod
1087 3122 1270 3208 Stephanus

146 3235 180 3292 et
194 3226 451 3313 Dominienslilij
469 3229 662 3296 Benobenhe
672 3229 714 3297 de
729 3249 848 3315 genere
863 3229 1042 3297 Siculorum
1058 3249 1116 3315 pro
1126 3249 1162 3296 se
1172 3235 1204 3295 et
1213 3229 1272 3294 bli-

147 3334 234 3399 kone
259 3331 361 3402 trahe
386 3337 528 3420 ipsorum
555 3339 770 3421 personaliter
795 3355 903 3404 coram
929 3337 1023 3404 nobis
1048 3333 1274 3422 competendo,

148 3453 268 3508 terram
284 3461 376 3510 suam
394 3440 567 3510 Botbtelnls
582 3451 745 3529 vocaturn,
759 3463 806 3509 ex
821 3443 1002 3511 collacione
1028 3442 1133 3509 ielieis
1165 3461 1273 3508 recor-

148 3548 297 3614 dacionis
326 3549 424 3634 Regis
456 3551 625 3638 Stephani,
653 3561 688 3618 ut
719 3573 759 3618 ex
783 3549 956 3637 priuilegio
982 3549 1125 3617 eiusdem
1153 3550 1275 3617 domini

147 3656 246 3738 Regis
263 3657 382 3723 exinde
397 3657 545 3726 confecto
563 3659 793 3745 intelleximus,
810 3659 872 3725 sibi
890 3661 1057 3745 donatam,
1075 3677 1147 3724 eum
1175 3658 1275 3724 omui·

147 3766 207 3830 bus
224 3765 417 3833 utilitatibus
448 3767 565 3835 suiset
596 3767 807 3853 pertinencijs
838 3769 899 3834 sub
915 3767 1033 3853 ijsdem
1051 3767 1192 3852 antiquis
1208 3786 1274 3832 me-

146 3873 189 3937 tis
199 3924 209 3958 ,
236 3873 338 3956 signis
355 3879 386 3938 et
411 3873 579 3958 terminis,
610 3874 726 3956 quibus
743 3891 815 3940 eam
830 3873 928 3958 ijdem
944 3873 1004 3960 iilij
1032 3875 1202 3942 Becbenbe
1218 3873 1274 3938 ha·

146 3979 284 4044 buerunt
309 3987 341 4046 et
356 3979 587 4066 possederunt,
617 3979 786 4066 dederunt,
819 3989 884 4048 tam
910 4003 950 4049 ex
975 3988 1152 4067 partesue
1178 3999 1273 4062 quam

148 4091 308 4172 exparte
333 4089 474 4154 Mikonis
498 4087 633 4174 predicti
674 4087 783 4154 fratris
800 4088 860 4174 sui,
887 4088 1018 4154 Danieli
1048 4095 1080 4155 et
1110 4087 1274 4154 Salomoni

146 4189 334 4277 comitibus,
365 4194 443 4278 filijs
459 4194 536 4262 Chel
568 4195 609 4260 de
625 4193 774 4282 llelnulr,
808 4202 840 4262 et
855 4215 911 4282 per
937 4215 991 4260 cos
1018 4193 1189 4260 eorundem
1206 4212 1274 4260 sue·

145 4303 329 4370 censoribus
342 4303 417 4385 jure
449 4310 602 4388 perpetuo
629 4302 860 4386 possidendam
877 4310 909 4369 et
935 4300 1129 4378 habendam,
1149 4317 1206 4384 pro
1231 4301 1293 4366 vi·-

145 4409 231 4493 ginti
247 4411 367 4477 mareis
389 4411 446 4476 fini
461 4412 587 4495 argenti
604 4431 661 4495 per
676 4411 806 4478 eosdem
832 4412 917 4478 lilios
943 4409 1099 4492 Becenhe,
1126 4413 1162 4473 ut
1176 4405 1273 4492 ijdenr

145 4516 308 4604 dixerunt,
324 4539 346 4586 a
361 4517 456 4585 dictis
471 4518 549 4605 tilijs
566 4516 645 4584 (lhel
662 4519 757 4603 plene
782 4518 904 4586 habitis
921 4523 954 4584 et
978 4515 1149 4603 perceptis.
1176 4515 1276 4582 Cuius

144 4624 277 4709 quidem
303 4633 387 4696 terre
414 4633 499 4694 mete
530 4645 587 4696 seu
612 4625 762 4714 termini,
795 4626 878 4694 sicut
903 4643 944 4694 ex
968 4631 1079 4693 tenore
1109 4622 1278 4690 memorati
