3132 5192
812 287 983 394 „28-

331 506 388 556 sos
419 488 578 556 Comitem
609 491 743 556 Petrum
760 495 793 556 et
823 486 1016 572 Magistrum
1032 464 1158 555 dudem
1174 488 1209 555 iu
1233 484 1352 574 viginti
1382 485 1474 576 judi·

337 595 398 682 eijs
415 596 622 664 remansisse.
639 598 706 664 Nos
721 595 832 680 itaque
848 594 928 664 nisis
945 602 977 664 et
1000 594 1150 682 perleetis
1175 596 1324 666 omnibns
1350 597 1472 667 iustru-

332 706 449 772 mentis
479 725 537 772 seu
567 705 684 773 litteris
709 725 767 791 per
791 706 879 791 ipsos
897 700 1056 773 Comitem
1081 707 1213 773 Petrum
1229 713 1262 774 et
1276 707 1471 792 Magistrum

332 811 464 878 (iudam
481 813 638 878 exhibitis
654 813 856 879 diuersorum
882 811 1034 878 Judieem
1060 819 1094 879 et
1119 810 1261 899 Capituli
1285 813 1470 905 Agrieusis,

332 938 398 985 nna
426 938 497 985 eum
513 920 695 987 Batonibus
711 921 832 988 nostris
848 920 1094 988 sentencialiter
1109 920 1261 989 duximus
1287 921 1467 991 deeeruen·

331 1026 424 1112 dnm;
441 1034 476 1095 rt
492 1029 607 1096 eadem
623 1029 785 1116 possessio
801 1028 914 1095 Debes
929 1029 1050 1115 totalis,
1068 1048 1140 1096 enm
1157 1029 1227 1096 seis
1243 1031 1464 1118 pertineneijs

332 1134 427 1200 Pauli
447 1143 477 1200 et
495 1137 607 1220 Dcegb
626 1137 769 1220 voeatis5
797 1135 907 1222 peroio
933 1136 1086 1204 uidelicet
1117 1137 1242 1204 Tbome
1267 1138 1372 1226 Bani,
1400 1159 1461 1225 pro

331 1249 451 1327 quarta
466 1242 597 1309 domine
613 1245 734 1310 sororis
750 1263 806 1311 sue
823 1244 864 1310 de
881 1243 973 1309 totali
999 1244 1209 1328 possessione
1233 1265 1293 1312 sea
1318 1236 1465 1334 eadenti,

334 1355 365 1415 et
389 1351 502 1435 peroio
518 1349 698 1418 Alexandri
715 1351 862 1435 predicti,
888 1357 955 1416 tuur
980 1371 1040 1437 pro
1064 1352 1296 1419 uerberaeione
1322 1353 1468 1421 bominis

332 1459 453 1524 domiui
469 1460 568 1544 Regis
584 1469 618 1524 et
633 1459 775 1545 Capituli
802 1459 968 1544 Agriensis
986 1459 1174 1546 testimonij,
1191 1481 1262 1526 eum
1279 1481 1339 1546 pro
1364 1461 1406 1530 de
1414 1463 1471 1528 bo·

331 1566 517 1633 uestaeione
533 1567 755 1634 estimatornm
780 1585 839 1653 per
863 1575 1074 1635 memoratum
1109 1567 1259 1636 Judieem
1284 1567 1470 1636 destinato·

331 1695 412 1754 rum3
423 1695 495 1740 eum
512 1674 616 1742 eeinm
633 1696 691 1761 pro
702 1673 936 1742 falsifioaeioue
945 1675 1125 1741 litterarum
1143 1672 1283 1761 Capituli
1293 1675 1468 1759 Agriensia

332 1783 492 1868 prenotati
506 1806 513 1866 5
529 1785 643 1866 poreie
659 1801 735 1848 uero
751 1781 847 1848 Pauli
864 1788 897 1848 et
912 1781 1028 1848 Cosme
1043 1781 1182 1848 tiliorum
1209 1783 1323 1851 Cosme
1339 1783 1372 1848 iu
1389 1783 1472 1874 ipsa
1539 1767 1540 1772 ἵ

331 1891 536 1976 possessione
566 1891 678 1957 Debes
711 1891 799 1975 ipsos
830 1889 1034 1977 contingens,
1060 1910 1118 1974 pro
1143 1890 1323 1974 prenotatis
1348 1892 1469 1976 viginti

325 1997 473 2082 jedieijs,
491 2017 553 2080 qee
568 1997 601 2064 in
617 2003 685 2065 toto
701 1998 875 2082 sexaginta
890 2017 1018 2065 mareas
1032 1998 1167 2086 saeinut,
1193 1998 1317 2066 eisdem
1346 1997 1468 2066 Domiti

330 2105 427 2171 Petro
452 2113 484 2172 et
517 2105 673 2189 Magistro
708 2105 800 2172 (lude
826 2113 980 2189 tanquam
1011 2104 1098 2174 veris
1129 2105 1374 2190 possessoribus
1403 2115 1469 2173 sta·

331 2219 469 2280 teauter.
487 2213 556 2282 Hoe
581 2223 690 2280 tamen
706 2233 872 2300 expresso,
897 2212 982 2298 quod
1008 2214 1037 2280 si
1056 2212 1155 2299 ijdem
1188 2213 1309 2279 Paulus
1338 2221 1373 2281 et
1389 2214 1466 2282 Cos·

330 2341 402 2388 mos
420 2321 478 2404 tilij
513 2321 649 2407 Cosme,
675 2329 733 2390 aet
757 2323 858 2406 aliqui
884 2322 943 2406 alij
970 2320 1185 2388 commetanei
1211 2321 1264 2387 uel
1292 2321 1396 2388 vieini
1420 2321 1471 2408 ip.

331 2430 399 2498 seis
423 2431 640 2515 possessionis
681 2430 792 2498 Debes
839 2427 975 2498 eandem
1001 2430 1159 2497 redimere
1190 2429 1374 2516 voluerint,
1411 2438 1470 2497 ant

331 2545 445 2606 eontra
479 2538 569 2624 ipsos
603 2538 796 2622 Magistrum
830 2537 958 2606 (tudem
995 2543 1027 2603 et
1067 2536 1224 2605 Comitem
1254 2537 1391 2604 Petrum
1409 2537 1468 2603 ali-

331 2647 410 2729 quid
434 2647 578 2714 aeeionis
610 2647 802 2730 habuerint,
835 2645 965 2715 eosdem
996 2645 1037 2714 de
1062 2646 1176 2714 eadem
1193 2643 1407 2730 possessione
1422 2645 1467 2711 ad

330 2762 475 2822 nostram
507 2755 648 2824 debeant
678 2754 885 2824 Preseneiam
916 2772 1072 2838 euocare;
1099 2753 1180 2838 ipsis
1204 2751 1331 2818 Gemite
1363 2751 1462 2820 Petro

331 2869 363 2928 et
378 2863 536 2946 Magistro
561 2860 655 2928 Gude
687 2861 720 2928 in
753 2864 826 2948 ipsa
851 2861 1061 2946 possessione
1087 2861 1198 2927 Debes
1223 2866 1256 2926 et
1287 2857 1331 2924 ad
1357 2859 1463 2946 ipsam

330 2969 567 3055 pertinentibus
598 2977 753 3054 tanquam
785 2971 872 3036 ueris
904 2965 1146 3053 possessoribus
1171 2969 1461 3054 permanentibus:

330 3081 425 3147 etsie
450 3099 558 3146 eoram
589 3077 682 3145 nobis
713 3075 921 3162 experiantur
952 3095 1024 3141 eem
1042 3074 1173 3158 eisdem,
1191 3075 1244 3140 uel
1262 3093 1340 3142 suas
1359 3073 1460 3142 aeeio·

330 3205 388 3254 nes
412 3193 527 3254 eontra
567 3183 696 3252 eosdem
739 3185 852 3251 ordine
893 3182 1064 3250 iudiciario
1096 3187 1307 3268 exequantur.
1340 3184 1459 3248 Datum

331 3296 392 3362 sub
409 3298 515 3363 eastre
532 3291 666 3380 Adryan
684 3292 767 3360 feria
782 3291 928 3359 seeundo
943 3291 1093 3378 proxima
1118 3296 1193 3356 ente
1220 3289 1339 3356 festum
1366 3289 1454 3356 Nati·

329 3403 441 3472 uitatis
458 3401 603 3486 Virginis
619 3401 769 3468 Glorioso
786 3420 871 3468 anno
903 3398 1031 3465 Domini
1058 3397 1250 3466 millessimo
1279 3395 1456 3465 duee-ntesi·

331 3531 383 3579 mo
402 3511 616 3596 nonagesima
633 3515 761 3594 quarto·

334 3637 473 3741 (Ebaletie
486 3669 659 3739 bdrhdrtydm
672 3689 690 3725 a
703 3669 779 3726 bdtul
792 3673 842 3726 oda
855 3675 981 3738 nyouaott
992 3667 1087 3738 peosdt
1098 3663 1315 3735 nagyobbresztt
1330 3664 1385 3722 mir
1398 3664 1453 3719 sset

563 3760 689 3830 mdllett;
700 3777 718 3816 a
730 3763 813 3817 budei
821 3763 872 3815 kir.
886 3761 1010 3815 kamarai
1031 3756 1222 3826 lovdltdrben.)

791 4047 1005 4074 —s--o
