3146 5192
6 9 675 508 l

6 509 210 622 {selenites
226 533 423 630 obligarunt,
441 533 528 616 qnod
545 533 635 600 nullo
653 552 795 618 unquam
807 552 959 618 processu
978 537 1156 618 temporum

6 631 8 714 ἰ
43 641 212 728 sepedictus
229 644 391 725 Magister
404 640 591 727 Stephanus
607 641 665 707 et
655 642 760 728 rpsins
786 640 932 725 heredes,
958 647 1017 706 aut
1041 641 1158 707 (lomes

6 759 10 822 t
42 748 135 814 Oehuz
151 751 203 816 uel
221 749 370 816 eiusdem
387 768 607 835 successores,
624 748 804 834 predietnm
822 747 1045 816 eonoambinm
1070 748 1155 815 inter
1220 741 1223 748 ’

6 843 14 940 't
42 878 70 924 se
83 856 198 924 laetum
215 856 348 941 possint
377 855 565 938 aliqualiter
582 876 747 925 reuocare.
763 854 845 922 Pars
860 861 968 922 antem
979 853 1159 940 predictum

6 945 257 1030 i=eeneenbinm
292 963 562 1032 irrationabiliter
589 971 621 1029 et
647 963 832 1030 uoluntario
856 981 1012 1030 renooare
1035 965 1159 1044 nolens,

6 1069 8 1154 ἶ
41 1093 87 1158 pro
100 1071 368 1138 manifestissimo
394 1070 479 1138 vieio
504 1069 692 1154 oalnmpnie
719 1071 878 1136 habeatur
903 1092 962 1155 pro
988 1070 1156 1152 eonniota3

6 1167 12 1258 Ῡζ
42 1179 95 1245 nisi
110 1184 242 1246 eoaetus
258 1178 358 1246 inerit
374 1183 407 1246 et
423 1179 610 1262 eompnlsns
621 1179 663 1245 ab
674 1177 901 1261 inpetitoribus
919 1178 1159 1262 possessionum

6 1293 90 1372 per
105 1292 229 1372 partem
249 1288 388 1354 alteram
404 1286 467 1352 sibi
484 1286 688 1354 donatarum.
714 1286 783 1353 Neo
798 1285 859 1350 hoo
884 1285 1160 1370 pretermittimus,

6 1401 11 1536 ᾗ
43 1394 113 1476 qnod
140 1393 307 1480 predictus
333 1394 490 1477 Magister
514 1392 699 1478 Stephanus
730 1391 865 1477 addidit,
896 1413 972 1478 ymo
1003 1391 1161 1477 perdoluit

43 1501 163 1583 triginta
180 1520 311 1570 mareas
327 1501 443 1568 (domiti
462 1501 596 1570 Oohnn
587 1521 719 1584 insuper
744 1520 877 1570 suanam
902 1499 1156 1586 possessionum,

44 1607 107 1692 quia
120 1609 348 1693 possessiones
375 1609 507 1676 Comitis
523 1608 633 1676 Oehuz
659 1608 700 1675 de
726 1607 986 1695 possessionibus
1011 1607 1159 1692 Magistri

44 1715 229 1801 Stephani'
220 1738 258 1782 nn
283 1718 506 1784 oonoambinm
530 1717 681 1785 datarum
707 1717 840 1784 maioris
874 1715 1066 1799 quantitatis
1091 1714 1160 1782 vise

46 1821 170 1908 inerant,
188 1835 222 1892 et
237 1826 393 1894 utilitatis
407 1825 560 1894 melioris.
576 1826 682 1908 Igitur
707 1845 767 1894 nos
791 1825 836 1892 ad
861 1825 1057 1911 petitionem
1083 1842 1155 1907 par·-

46 1930 116 1997 oinm
131 1931 364 2016 predictarum,
390 1952 432 1998 ne
446 1933 561 2017 elapsu
588 1939 770 2018 temporum
795 1932 989 2018 premissum
1015 1947 1161 1996 nonnam·

6 2059 11 2146 q
50 2039 123 2102 bium
140 2040 243 2124 possit
259 2038 294 2104 in
320 2040 446 2106 irritum
472 2039 630 2124 renouari,
657 2041 874 2108 concessimus
898 2039 1025 2106 litteras
1050 2043 1162 2104 nostro

6 2153 12 2249 q
48 2143 134 2228 sigilli
150 2149 331 2213 roboratas.
347 2146 466 2213 Datum
483 2149 518 2214 in
532 2147 707 2230 quingenis
732 2146 828 2214 Beati
854 2144 985 2232 Georgij
1014 2141 1157 2210 martiris

6 2249 9 2340 l
47 2269 127 2359 &anuo
142 2251 273 2321 Domini
285 2252 457 2320 millesimo
473 2251 543 2318 00⁰
558 2253 772 2338 nonagesimo
787 2274 882 2321 nono.

55 2447 171 2502 tradetis
186 2447 365 2518 bdrhdrtydm
379 2467 397 2503 a
410 2450 495 2518 stiggd
508 2449 598 2518 pacsdt
613 2451 762 2516 slvssnott3
781 2467 799 2503 a
809 2451 892 2503 budai
906 2451 957 2502 lrir.
981 2451 1103 2502 kamarai
1131 2445 1168 2498 la·

522 2537 687 2606 vdltdrban.)

7 2641 10 2734 t

7 2749 11 2876 l

7 2893 13 3012 l

555 3367 632 3435 239.

9 3523 234 3634 {anausoni
248 3567 440 3633 looveotnelt
456 3556 728 3654 dizoayoctpleoele,
742 3568 826 3652 lropp
842 3564 966 3630 assues
985 3567 1167 3652 nemaetedp·

10 3665 103 3734 illi
115 3674 220 3762 lippet
231 3677 389 3741 eomeenelr
397 3676 505 3757 fluis
487 3675 607 3759 eeByli
607 3697 634 3737 ee
629 3674 805 3740 coronule
813 3675 882 3757 fiai
899 3675 1167 3762 epponetlensdpei-

251 3784 300 3847 ket
316 3784 552 3869 durdtsdpoeoa
567 3782 822 3869 kiepyenlt'tette'lr.
841 3785 937 3848 1299

11 4003 12 4006 ¹
147 3975 211 4046 Nos
238 3978 337 4043 irater
369 3977 416 4043 St
447 3976 662 4046 miseracione
688 3975 810 4042 Diuina
834 3975 947 4042 Abbas
963 3973 1168 4042 Zaladiensis

57 4076 165 4167 lotique
189 4087 334 4154 eiusdem
367 4087 553 4154 Contentus
580 4085 804 4170 significamus
835 4090 949 4150 tenore
963 4081 1168 4168 presentium

11 4223 13 4268 3
56 4187 214 4262 uniuersis:
231 4195 316 4281 quod
333 4193 456 4262 nobiles
477 4194 619 4280 juneues
651 4193 822 4260 lohannes
850 4189 968 4278 (does),
999 4190 1167 4273 Nioolaus,

56 4293 186 4370 museo
195 4355 205 4392 ,
223 4302 359 4388 Egidins
369 4354 378 4388 ,
397 4301 574 4370 Ladinlaus
601 4309 632 4368 et
659 4301 741 4368 luan
764 4300 823 4372 filii
845 4301 980 4366 Comitis
999 4297 1109 4383 ugidij
1127 4298 1168 4365 de

56 4419 158 4482 genere
174 4409 308 4497 Bykath
326 4411 368 4480 ab
385 4431 450 4477 nna
466 4417 568 4496 parte,
587 4417 619 4476 et
629 4409 752 4476 Paulus
768 4429 808 4475 ae
823 4409 940 4476 Petrus
955 4408 1015 4490 filij
1034 4407 1168 4473 Comitis

12 4541 15 4552 ·
58 4505 89 4573 de
74 4513 189 4602 eBylle
206 4520 248 4584 ab
265 4519 382 4605 altera,
400 4539 508 4586 eoram
537 4519 634 4586 nobis
652 4539 707 4606 per
696 4518 865 4586 »entialiter
882 4516 1057 4602 constituti,
1075 4514 1166 4582 exhi-

62 4613 182 4692 luerunt
199 4625 430 4752 nobislitteras
447 4628 634 4696 Conuentus
650 4627 783 4696 fratrum
796 4623 1030 4694 Grueiiomrurn
1048 4625 1171 4694 Domus
