3132 5192
564 315 725 422 ..aa

80 507 195 582 domus
210 513 350 602 plurium
365 511 574 600 iobagionnm
591 511 735 584 eiusdem
752 513 838 582 eires
854 513 1014 604 semitam,
1031 532 1088 603 per
1102 533 1201 602 quam

79 623 120 689 de
136 629 237 708 ponte
252 620 368 690 fossati
392 621 635 705 Strigoniensis'
651 620 814 704 quondam
840 624 1032 692 tendebatur
1056 625 1090 692 in
1118 626 1203 692 Koa·

79 729 161 814 eby:
176 735 273 816 prout
288 731 330 796 ab
345 728 490 796 eiusdem
505 729 655 812 Magistri
680 749 735 796 ore
759 736 792 798 et
818 731 922 816 ipsius
939 732 1100 798 Jobannis
1125 731 1206 798 didi-

81 835 184 902 eimus
211 843 244 902 ot
274 835 500 920 recollegimus
531 836 643 903 omnia
674 843 706 904 et
740 838 871 923 singnis
895 837 1132 924 premissorum.
1166 837 1209 904 Vt

81 944 181 1028 igitur
212 942 275 1008 hee
307 952 417 1010 nostra
448 941 624 1010 diffinitina
654 946 820 1011 sentenein
847 947 943 1014 robur
967 944 1114 1032 optineat
1139 962 1210 1028 per·

81 1057 177 1134 petae
193 1049 365 1136 firmitatis,
383 1057 549 1136 presentes
568 1053 784 1120 ooneessimns
810 1053 911 1120 nostri
938 1051 1079 1138 duplieis
1104 1050 1209 1136 sigilli

82 1157 183 1225 nostri
211 1155 309 1244 (tgy),
351 1159 509 1225 consortis
534 1165 643 1226 nostre
668 1157 861 1247 karissime,
903 1158 1033 1226 domine
1057 1159 1116 1225 Tb.
1145 1181 1211 1226 ma·

82 1269 141 1334 tris
171 1275 294 1345 nostre,
319 1287 359 1333 ao
390 1267 595 1336 Preietorum
635 1266 850 1352 predictorum
876 1269 1052 1336 munimine
1078 1268 1210 1336 robora·

82 1385 140 1444 tas
156 1379 281 1442 Datum
297 1396 354 1461 per
362 1396 484 1444 ,manus
500 1376 632 1444 disereti
650 1375 708 1444 viri
733 1377 884 1462 Magistri
908 1378 1070 1445 Theodori
1095 1376 1214 1446 Alben-

82 1485 128 1552 sis
143 1483 295 1552 Eeelesie
310 1483 480 1568 Propositi,
495 1483 569 1550 aule
585 1491 694 1551 nostre
710 1483 1014 1570 Vise-Ganeeiiarij,
1040 1482 1153 1550 dileoti
1178 1489 1210 1547 et

83 1589 189 1657 tidelis
206 1593 307 1659 nostri
323 1611 409 1660 anno
425 1591 559 1658 Domini
573 1591 694 1658 ΜΟΟΟο
723 1591 939 1676 nonagesimo
956 1595 1081 1677 quarto,
1097 1599 1214 1675 quarto

85 1699 251 1768 kalendas
268 1701 426 1786 Augusti3
443 1701 545 1786 Regni
564 1706 669 1768 antem
683 1701 786 1768 nostri
802 1719 888 1767 anuo
905 1705 1029 1784 quarto.

85 1895 137 1968 (Aa
148 1901 255 1952 eredeti
267 1896 335 1952 utam
346 1901 444 1960 ,Knanz
458 1897 569 1951 Neiudor
583 1900 696 1965 Magyar
709 1899 774 1951 Sion
788 1901 838 1950 111.
853 1901 909 1950 kat.
923 1897 984 1951 850.
998 1896 1016 1948 l.
1030 1899 1085 1950 Sok
1097 1894 1212 1949 hibtval

259 1989 362 2040 kiadva
377 1987 456 2053 Pejor
471 1985 538 2039 riital
552 1988 617 2040 Cori.
633 1988 707 2054 Dipl.
724 1989 769 2040 Vi.
786 1990 843 2040 ket.
858 1989 879 2040 i.
894 2003 916 2042 r.
936 1989 996 2038 306.
1012 1987 1044 2054 i.)

624 2703 681 2774 94.

91 2903 160 2974 m.
178 2902 292 2973 Eudae
308 2907 482 2994 iu'ruilyouie
491 2904 767 2993 Duboeirelyee‘pet
778 2904 935 2991 teirpyrzd
949 2905 1124 2974 iteieileneie
1142 2901 1217 2972 Aba

91 3017 321 3103 neossetodpbe'i
346 3013 460 3082 dudan
476 3025 587 3084 mester·
610 3016 642 3081 ee
667 3015 755 3080 Kaira
779 3013 890 3082 Jatab
907 3037 1003 3082 eomes
1017 3015 1098 3081 ledat.
1126 3013 1223 3078 1994.

202 3211 271 3278 Nos
286 3209 435 3276 Andreas
452 3209 513 3276 Dei
530 3208 642 3295 graeia
656 3211 726 3276 Rex
743 3209 1050 3295 Vngariememorie
1061 3228 1221 3276 eomoren·

94 3317 213 3384 dantes
228 3317 449 3400 significamus
465 3317 646 3400 uniuersis3
662 3317 748 3402 quod
764 3337 833 3384 eum
851 3319 1018 3384 eontoneio
1035 3334 1133 3400 super
1144 3336 1221 3400 qua·

94 3425 170 3492 dnm
187 3424 393 3510 possessione
407 3424 518 3492 Dubos
535 3431 650 3494 uocata
675 3425 759 3491 inter
785 3425 908 3493 nobiles
927 3425 1012 3492 viros
1030 3423 1228 3507 Magistrum
1340 3482 1343 3492 .

94 3530 223 3600 (isdem
241 3531 343 3598 fitium
361 3531 494 3598 Comitis
511 3532 600 3598 Petri
618 3530 659 3598 de
675 3551 794 3616 genere
810 3532 882 3598 Aba
908 3552 948 3598 ex
972 3553 1037 3600 rna
1061 3537 1162 3617 parte,
1193 3535 1226 3595 et

92 3638 253 3706 Comitem
269 3639 427 3706 Jaeobnm
445 3638 566 3706 dietum
582 3639 680 3706 Kobe
698 3661 738 3706 ex
754 3637 859 3706 altera
875 3647 962 3706 mota
979 3640 1092 3706 fuisset
1109 3657 1219 3704 eoram

93 3744 209 3830 nobis;
225 3745 273 3812 ita
288 3745 374 3830 quod
390 3745 528 3814 eandem
546 3747 788 3833 possessionem
805 3747 909 3815 dietus
925 3747 1040 3814 Comes
1064 3743 1223 3820 iambus,

93 3851 190 3920 Pauli
208 3860 241 3920 ot
257 3851 374 3922 Cosme
390 3853 530 3920 filiorum
547 3853 661 3922 (iosme
678 3853 818 3921 fratrum
834 3857 943 3922 uxoris
960 3875 1018 3922 sae
1043 3853 1112 3919 fore
1137 3871 1224 3918 asse-

94 3961 200 4048 rebat,
218 3968 376 4030 eteorum
393 3962 523 4030 nomine
539 3961 677 4030 eundem
695 3963 883 4046 Magistrem
901 3960 1025 4030 Gneiom
1041 3959 1219 4047 prohibuis-

94 4073 143 4134 set
158 4087 269 4136 eoram
286 4068 398 4154 nobis;
416 4091 435 4137 e
450 4089 607 4138 eonnerso
623 4075 733 4139 autem
749 4067 833 4138 idem
850 4070 1009 4154 Magister
1035 4065 1127 4135 Gude
1144 4086 1221 4132 eon-

95 4175 167 4242 dam
185 4177 429 4262 possessionem
445 4177 569 4265 Dubos,
587 4185 618 4247 et
634 4175 799 4266 adipsum
815 4184 1010 4266 spectantes,
1037 4174 1150 4242 ordine
1178 4173 1224 4238 iu·

96 4281 233 4352 dioiario
250 4283 294 4351 ad
309 4305 346 4352 se
362 4282 550 4354 denotatam
565 4286 742 4374 asserebat,
760 4295 792 4354 et
808 4305 905 4371 snper
922 4283 982 4351 hoo
1006 4284 1230 4350 instrumenta
1329 4323 1330 4326 =

95 4388 217 4460 habere
235 4409 272 4460 se
290 4392 427 4460 dieebat
444 4393 512 4460 Nos
527 4394 636 4478 itaque
653 4396 799 4479 partibus
830 4394 877 4461 sie
908 4391 1138 4459 altercantibus
1169 4409 1220 4454 as-

94 4497 301 4583 signanimas
317 4501 489 4570 terminum
506 4509 739 4589 competentem
755 4523 815 4570 sura
831 4502 1043 4568 instrumenta
1068 4499 1221 4566 exhiber-

95 4603 128 4673 di
144 4625 254 4678 eoram
270 4609 372 4680 nobis.
388 4609 592 4680 Adueniente
609 4611 720 4696 itaqse
737 4611 873 4679 termino
896 4630 953 4696 per
970 4629 1028 4676 nos
1053 4610 1219 4694 assignat)

148 4742 252 4784 norun.
267 4743 343 4780 suro
368 4744 437 4787 urse.
452 4753 496 4769 -
511 4745 582 4782 oron.
601 4739 638 4783 rs.
1021 4720 1063 4786 ls)
