3234 5194
677 379 720 441 37

635 467 792 475 uum-*0—

145 573 215 638 lam
234 571 372 655 Regiam
388 557 422 639 et
438 572 638 641 extrinsecus
656 573 690 638 in
701 571 821 640 nostris
837 571 1108 639 ministerialibus
1120 577 1151 638 et
1161 571 1276 659 officijs

147 677 338 765 inpenderit
353 679 555 768 famulatum,
572 687 608 746 ut
623 680 722 764 digne
737 680 1009 748 remuneracionis
1025 679 1138 747 brauio
1163 683 1277 750 merito

147 788 269 855 debeat
285 807 306 852 a
321 794 432 853 nostra
448 787 650 855 celsitudine
666 787 817 872 insigniri
831 811 838 872 ς
855 787 1030 871 multisque
1046 787 1180 854 laudum
1205 809 1275 877 pre·

146 895 254 981 conijs
269 898 303 963 in
320 895 532 979 expedicione
556 895 660 978 Regia
684 905 800 963 eontra
822 895 986 963 domiuum
1011 895 1178 966 Albesium
1203 895 1278 964 illu·

146 1009 249 1071 strem
265 1003 389 1070 Ducem
404 1003 535 1076 Austris
550 1003 714 1070 Dininitus
730 1003 914 1090 informata,
935 1003 990 1070 ubi
1015 1024 1124 1071 secum
1157 1011 1279 1091 protra-

146 1118 244 1178 xerat
259 1110 496 1180 multitudinem
514 1110 670 1176 nobilium
682 1119 885 1197 armatorum,
899 1112 1109 1198 probabiliter
1120 1132 1277 1179 commen-

147 1219 263 1304 detur;
277 1226 309 1286 et
324 1219 520 1303 generaliter
543 1219 764 1301 omniaRegni
781 1218 919 1302 negocia
930 1219 998 1286 eius
1008 1219 1144 1306 prouido
1160 1227 1192 1286 et
1207 1241 1279 1306 pro-

147 1324 275 1394 uidenti
293 1327 429 1394 oonsilio
440 1325 663 1412 disponantur.
679 1325 718 1391 In
734 1325 890 1396 solacium
907 1335 939 1393 et
954 1326 1100 1395 solamen
1111 1328 1278 1395 venerabi·

147 1435 232 1502 lium
247 1442 280 1502 et
296 1435 529 1502 excellencium
546 1435 742 1525 meritorum,
759 1455 822 1519 que
837 1443 1001 1519 nequeunt
1018 1435 1184 1504 commode
1208 1456 1280 1520 pre·
1303 1457 1307 1462 ·

148 1543 297 1610 sentibus
314 1531 483 1629 explicari,
509 1543 628 1610 dictam
655 1544 868 1612 eollaeionem
893 1545 1024 1612 domine
1049 1547 1086 1611 ll.
1112 1543 1275 1630 quondam

147 1651 284 1738 Regine,
300 1651 334 1716 in
352 1670 491 1736 persona
520 1651 677 1734 eiusdem,
703 1659 736 1718 et
761 1651 919 1737 Ladizlai,
935 1672 973 1719 ac
988 1651 1118 1718 Nicolai
1141 1649 1277 1720 fratrum

147 1779 293 1843 snorum,
310 1763 417 1824 ratam
444 1764 476 1824 et
501 1764 627 1844 gratam
653 1760 823 1846 habentes,
849 1760 1045 1827 auctoritate
1070 1759 1276 1848 presencium

148 1866 304 1936 duximus
320 1868 582 1936 confirmandam.
597 1869 641 1934 Vt
656 1867 755 1951 igitur
771 1867 899 1954 prelata
915 1867 1052 1936 eollaoio
1067 1886 1126 1935 seu
1137 1867 1277 1936 donacio

149 1975 245 2045 nulla
260 1976 370 2043 ualeat
386 1976 584 2061 inposterum
601 1976 798 2062 inprobitate
814 1975 964 2063 convelli,
981 1976 1138 2060 nullaque
1158 1983 1279 2064 tempo·

149 2106 225 2154 rum
242 2085 469 2153 uicissitudine
496 2085 687 2173 perturbari,
703 2087 737 2152 in
763 2094 905 2153 eternam
931 2084 977 2152 rei
1002 2084 1188 2152 memoriam
1213 2107 1272 2172 pre

144 2197 260 2260 sentes
287 2193 503 2260 concessimus
533 2193 659 2260 litteras
685 2192 822 2281 duplicis
848 2193 950 2277 sigilli
975 2192 1076 2261 nostri
1101 2193 1278 2260 munimine

141 2302 327 2368 roboratas.
344 2302 466 2368 Datum
482 2321 539 2386 per
554 2322 670 2369 manus
686 2301 883 2369 uenerabilis
900 2305 1002 2388 patris
1018 2303 1056 2368 B.
1074 2303 1135 2368 Dei
1163 2302 1276 2387 gracia

138 2409 302 2495 Episcopi
322 2409 584 2496 wesprimiensis
600 2411 676 2476 aule
693 2417 802 2477 nostre
819 2409 1016 2496 cancellarij
1032 2409 1139 2478 fidelis
1158 2409 1275 2494 nostri,

142 2537 235 2586 anno
250 2517 381 2584 Domini
400 2515 519 2582 M⁰OO⁰
536 2517 747 2603 nonagesimo
765 2516 907 2606 (primo.)

140 2717 289 2807 (urescere
301 2749 318 2786 a
330 2735 421 2802 Rumy
434 2731 528 2788 csaltd
541 2731 736 2798 levbltrirrlban,
745 2732 877 2807 misclata
890 2752 907 2789 a
921 2749 1033 2802 magyas
1042 2733 1186 2788 aluadarnia
1209 2735 1271 2788 kes-

625 2821 817 2892 irattdrdban.)

605 3114 639 3122 ..-
650 3113 681 3120 —a-
699 3111 817 3120 ---0.-.-.

694 3649 751 3716 29.

144 3855 301 3920 Fenrteao
317 3852 471 3936 leirdlpod
499 3849 645 3915 Tioudar
670 3847 939 3934 ezekesfhlrdrodru'
950 3847 1151 3934 prepoataalt
1167 3851 1198 3914 ts
1211 3857 1279 3911 teat·

143 3963 294 4028 vectust
311 3949 445 4025 [maneb
475 3965 557 4023 neoti
574 3957 680 4042 fh'ldet
711 3957 949 4042 odooainyozzo
975 3955 1074 4022 Fato·
1099 3957 1279 4042 vdrmeqpe'·

626 4065 691 4131 ben.
714 4065 812 4130 1291.

257 4250 417 4316 Fennena
441 4248 501 4314 Dei
519 4247 630 4332 gracia
654 4249 780 4333 Regina
810 4247 978 4330 Huugarie
994 4245 1145 4313 omnibus
1158 4241 1280 4311 Christi

142 4357 300 4426 fidelibus
327 4363 512 4443 presentem
541 4358 696 4441 paginam
722 4356 915 4442 inspecturis
931 4354 1070 4420 salutem
1087 4352 1121 4418 in
1138 4353 1280 4420 omnium

142 4467 322 4534 saluatore.
347 4463 451 4530 Decet
470 4465 752 4534 mansuetudinem
781 4465 975 4549 Reginalem
1007 4461 1280 4531 consideracionis

144 4573 252 4640 oculis
279 4573 480 4658 singulorum
507 4575 623 4654 merita
640 4571 824 4661 permetiri,
859 4592 978 4657 eosque
1004 4571 1112 4654 dignis
1130 4571 1282 4639 attollere

143 4679 313 4751 donatiuis
323 4733 333 4769 ,
360 4701 440 4765 quos
472 4681 562 4750 iuxta
580 4680 748 4766 dignitatis
766 4701 824 4751 sue
840 4683 976 4768 gradum
994 4685 1119 4751 constat
1134 4678 1280 4748 utilitati-
