3180 5202
842 321 996 432 Q

356 521 465 607 ipsum
480 513 672 584 Ladiubum
688 515 904 602 peremptorie
928 518 1117 600 assumpta,
1144 511 1298 580 eteniam
1314 529 1375 597 per
1390 507 1484 574 ‹lemi-

356 646 435 693 num
450 627 571 710 Regem
596 621 847 692 misericorditer
862 627 894 689 et
919 641 960 688 ex
974 619 1253 706 superabundanti
1278 615 1411 686 iustieia
1426 611 1485 681 sibi

356 732 560 816 assignatam
577 727 663 820 (igy)
681 728 913 799 contumaciter
928 728 1039 795 renim
1054 725 1219 814 neglexit,
1233 725 1313 811 jura
1322 775 1332 810 ,
1349 725 1439 806 leges
1457 729 1486 788 et

357 838 464 922 Regni
475 837 726 906 eonsuetudines
736 832 1012 920 contempnende:
1027 853 1086 919 pro
1102 854 1142 902 ee
1158 833 1281 900 nemini
1296 834 1333 899 in
1349 850 1410 900 sue
1420 829 1485 896 iure

337 985 340 996 ·
356 944 475 1012 deesse
489 945 647 1029 volentes,
673 943 813 1011 maxime
837 961 910 1009 eum
936 949 1101 1009 oreseeute
1116 939 1324 1008 eentumaeia
1341 956 1487 1006 erescere
1559 993 1564 1003 .

357 1071 445 1137 pena
460 1051 599 1136 debeat;
616 1057 650 1117 et
665 1058 701 1118 nt
715 1071 796 1136 ques
820 1050 916 1117 timer
932 1049 995 1116 Dei
1018 1069 1040 1116 a
1058 1049 1144 1116 male
1159 1069 1224 1117 nen
1248 1053 1386 1115 reueeat
1394 1098 1405 1132 ,
1436 1065 1488 1112 ees

360 1157 472 1226 saltim
487 1157 616 1224 ooibeat
632 1179 717 1242 pena
733 1158 923 1244 temporalis
936 1181 944 1243 ;
961 1178 1027 1224 vna
1041 1178 1115 1226 eum
1139 1154 1312 1223 Demiuiee
1329 1151 1486 1237 Magistro

359 1261 614 1331 Tauarnieorum
630 1263 752 1332 demini
767 1265 878 1348 Regis,
895 1263 1044 1331 Relando
1059 1263 1224 1348 quondam
1240 1262 1410 1346 Palatino,
1426 1261 1488 1326 Ma

358 1369 460 1456 gistre
483 1371 650 1438 Demetrio
682 1369 808 1437 Gemite
838 1369 1034 1437 Pesoniensi
1049 1376 1082 1438 et
1112 1367 1152 1436 de
1167 1369 1299 1456 Zolum,
1330 1369 1489 1454 Magistro

357 1478 485 1546 Thema
499 1477 566 1546 filie
585 1477 715 1546 Andree
747 1463 870 1544 Gemite
895 1478 1062 1564 Nytrieusi
1092 1483 1124 1544 et
1148 1477 1332 1560 Bersiensi,
1364 1483 1400 1545 et
1415 1477 1487 1560 alijs

249 1619 252 1625 f
358 1583 542 1651 Beronibus
566 1603 606 1650 ao
636 1583 804 1649 Nobilibus
830 1582 933 1668 Regni
964 1604 1024 1669 per
1055 1583 1221 1650 dominum
1238 1584 1360 1666 Regem
1375 1581 1413 1648 in
1427 1581 1488 1648 hae

360 1691 455 1758 uobis
479 1690 514 1755 in
529 1689 636 1756 soeies
653 1688 825 1774 deputatis
849 1690 957 1774 ipsum
985 1689 1178 1755 Ladizlanm
1202 1688 1296 1756 iuxta
1326 1692 1487 1756 eontinen-

360 1796 446 1862 eiam
461 1797 609 1883 ipsarum
619 1797 761 1884 priorum
776 1796 961 1880 pateueium
981 1796 1163 1863 litterarum
1178 1804 1364 1863 nostrarum
1379 1801 1488 1864 oontm

340 1903 499 1972 eundem
513 1905 643 1990 Reioyn
667 1905 793 1970 Bauum
819 1903 949 1970 racione
974 1903 1198 1990 dampnorum,
1214 1904 1417 1989 iniuriarum,
1434 1924 1486 1970 ne·

360 2019 592 2097 camentorum,
609 2011 892 2079 interseeeienibus
925 2019 957 2080 et
972 2011 1257 2079 uulneraeienibus
1271 2011 1435 2078 homiuum
1451 2011 1484 2076 in

361 2118 486 2186 eisdem
502 2119 661 2205 prioribus
677 2118 863 2205 patentibus
888 2117 1005 2186 litteris
1029 2119 1147 2187 nestris
1165 2137 1398 2205 expressorum,
1414 2139 1484 2185 sen-

361 2224 546 2292 teneialiter
557 2222 758 2291 deereuimus
769 2223 837 2292 fere
848 2225 1040 2311 eonuiotum,
1057 2232 1089 2292 et
1105 2226 1139 2292 in
1155 2245 1295 2310 persona
1310 2244 1372 2292 sua
1387 2231 1482 2292 morte

360 2331 473 2398 debita
490 2331 804 2419 condempnandum,
829 2345 886 2400 seu
903 2334 1008 2398 seiam
1032 2331 1229 2416 puniendum
1256 2334 1327 2399 sine
1351 2333 1480 2417 strepitu

356 2437 474 2525 judieij
491 2439 640 2528 alieuius,
658 2445 689 2506 et
705 2441 853 2506 omnibus
871 2439 937 2507 illis
952 2439 1221 2526 possessionibus,
1233 2458 1296 2521 que
1306 2441 1409 2525 ipsum
1422 2439 1478 2504 La-

360 2544 503 2611 dizlaum
519 2550 656 2630 tangere
673 2546 886 2613 dinoscuntur
895 2599 906 2635 ,
932 2544 1162 2616 denudandum
1178 2553 1212 2613 et
1227 2546 1434 2634 primmdum,
1450 2552 1480 2612 et

362 2651 508 2718 deduotis
539 2653 635 2720 factis
668 2653 903 2739 principalibus
935 2654 977 2722 de
994 2653 1116 2721 eisdem
1142 2654 1410 2739 possessionibus,
1425 2671 1479 2736 que

360 2759 450 2826 faeta
466 2758 664 2844 prineipaiia
695 2760 758 2844 ipsi
774 2761 902 2846 Roseyn
932 2763 1024 2826 Bane
1056 2762 1232 2848 debentur,
1265 2761 1476 2829 residuitatem

363 2866 539 2932 earundem
571 2867 815 2952 possessionum
834 2868 1000 2935 inmanes
1032 2875 1159 2936 nostras
1190 2875 1347 2953 tauquam
1364 2867 1475 2935 Judieis

362 2971 609 3042 deuoluendam.
626 2974 745 3041 Datum
762 2976 854 3042 Bude
871 2984 988 3044 eetauo
1003 2975 1056 3045 die
1072 2983 1146 3064 pest
1162 2977 1295 3043 teroium
1312 2975 1395 3043 diem
1408 2980 1476 3042 stre-

343 3099 476 3146 narum
492 3101 578 3149 anno
594 3081 728 3149 Domini
743 3083 794 3148 Μο
811 3085 1046 3153 trecentesimo.

357 3260 426 3324 ¹(III.
440 3261 530 3312 snare
550 3259 704 3328 kirtlynak
719 3263 831 3317 leoo-ki
845 3261 1009 3330 megerbsitb
1023 3259 1204 3330 okmbuyibbi
1218 3265 1287 3315 mint
1301 3263 1406 3317 ientebb
1429 3262 1473 3310 nrt

705 3339 711 3352 ¹
832 3349 904 3404 snam
918 3348 1007 3417 alatt.)

825 3645 1038 3660 —u———d
