3146 5192
564 1040 644 1111 214.

6 1242 8 1249 ¹
35 1242 103 1310 ιιι.
121 1241 236 1309 naara
252 1239 420 1328 aaaron
436 1241 571 1308 Maon
586 1241 730 1308 arrasa
745 1243 903 1330 tauquam
919 1243 1100 1332 ammaus
1116 1239 1170 1310 st-

7 1359 8 1366 ’
236 1372 309 1418 mcc
325 1373 433 1434 comas,
451 1349 689 1434 Simoncakfic
704 1355 865 1417 szdmdra.
885 1352 980 1420 1299.

147 1547 220 1616 Nos
235 1545 385 1619 Andreas
401 1547 463 1614 Dei
488 1547 601 1632 gracia
618 1546 795 1636 Hungarie,
811 1547 1008 1635 Dalmacie,
1026 1547 1172 1634 Oroacie,

4 1679 6 1690 ·
41 1657 154 1740 Rame,
172 1655 298 1742 Sernie,
315 1653 464 1740 Gallicis,
482 1654 681 1740 Lodomerie,
700 1655 857 1722 Gumauic
873 1656 1172 1740 BolgariequeRex

42 1764 193 1832 omnibus
209 1763 331 1833 Christi
350 1763 500 1833 fidelibus
532 1771 601 1832 tam
625 1767 829 1849 presentibus
855 1785 952 1848 quam
968 1764 1082 1832 futuris
1099 1785 1173 1849 prc-

45 1891 119 1940 scns
136 1877 295 1958 scriptum
309 1871 510 1957 inspecturis
526 1872 664 1941 salutem
689 1872 724 1938 iu
740 1872 884 1939 omnium
911 1871 1100 1960 s(aiuntorc.
1118 1874 1166 1937 Rc

46 1980 97 2064 gie
113 1978 312 2062 Maiest)atis
328 1978 556 2046 munificencia
580 1977 678 2048 debet
692 1999 757 2046 non
772 1977 921 2047 inmerito
937 1979 1114 2046 fidelitates
1133 2018 1170 2028 —

45 2123 100 2176 ‘.
100 2122 326 2136 -----
344 2085 461 2169 cuique
486 2087 579 2154 iuxta
604 2109 737 2156 suorum
763 2085 970 2172 exigenciam
986 2089 1174 2155 meritorum

46 2196 244 2282 respondere
259 2195 293 2262 in
309 2196 495 2264 muneribus
512 2195 677 2265 donatiuis
686 2248 695 2284 ,
722 2203 757 2263 ut
774 2196 831 2280 alij
858 2195 1001 2282 ipsorum
1026 2195 1175 2279 exemplo

47 2339 380 2354 ------
391 2303 520 2374 facilius
537 2304 722 2373 inuitentur.
738 2303 880 2374 Proinde
896 2305 940 2374 ad
953 2303 1177 2373 uniuersorum

49 2410 202 2478 noticiam
221 2409 338 2480 harum
354 2413 437 2480 serie
447 2413 596 2481 uolumus
605 2411 786 2500 peruenire,
804 2411 890 2496 quod
907 2411 1045 2499 (Symon
1060 2411 1177 2479 Comes

52 2519 136 2585 tilius
153 2515 324 2606 Symouis)
340 2518 383 2585 ad
398 2525 543 2588 nostram
554 2519 716 2586 accedens
740 2520 944 2606 presenciam
963 2520 1110 2588 exhibuit
1124 2541 1180 2587 no-

52 2627 99 2702 bis
113 2627 245 2694 litteras
262 2632 390 2695 nostras
407 2631 557 2713 patentes
581 2648 679 2714 super
710 2627 889 2696 collacione
908 2627 1075 2696 cuiusdam
1091 2633 1178 2696 terre

52 2734 194 2819 (Muslan
209 2740 337 2823 vocate,
353 2732 513 2824 potencia
536 2737 631 2806 nobis
646 2757 720 2804 cum
736 2736 897 2804 instancia
913 2735 1092 2825 (humiliter
1107 2757 1180 2823 sup

51 2839 210 2926 plicando,
229 2851 264 2909 ut
279 2840 427 2930 easdem)
444 2851 637 2930 acceptare,
663 2851 695 2911 ot
716 2844 836 2912 nostris
856 2843 974 2911 litteris
989 2842 1178 2928 priuilegia·

53 2945 164 3035 (libus)
190 2947 402 3034 dignaremur
433 2951 632 3022 confirmare.
662 2950 807 3030 Quarum
838 2951 969 3036 quidem
999 2950 1179 3018 litterarum

55 3062 234 3124 nostrarum
250 3059 438 3146 patencinm
455 3065 550 3126 tenor
567 3057 643 3126 talis
660 3067 735 3126 cst:

153 3163 224 3232 Nos
234 3164 384 3234 Andreas
392 3167 456 3233 Dei
467 3167 581 3250 gracia
590 3169 661 3235 Res
671 3166 839 3250 Hungurie
854 3166 1009 3234 memorie
1020 3185 1168 3235 commen

54 3267 166 3339 dantes
181 3281 300 3342 tenore
314 3275 518 3358 presencium
534 3273 756 3358 significamus
773 3275 891 3357 quibus
908 3272 1039 3360 expedit
1055 3272 1179 3339 uniuer-

55 3378 115 3464 sis;
131 3379 218 3464 quod
229 3381 347 3448 Comes
357 3381 480 3469 Symou
491 3381 577 3448 iilius
587 3379 973 3467 Symonisfidelisnostcr
983 3379 1027 3454 ad
1037 3385 1181 3448 nostram

56 3485 208 3554 accedens
225 3489 427 3574 presenciam
444 3486 621 3572 quamdam
646 3495 765 3556 terram
790 3487 926 3574 Mathey
942 3486 1095 3556 uidelicet
1110 3485 1181 3555 sine

56 3593 168 3662 herede
179 3595 375 3663 decedentis
385 3596 516 3664 Muslan
526 3604 748 3682 nuncupatam
759 3596 924 3680 quondam
935 3595 1055 3684 Castri,
1071 3602 1182 3665 nostre

58 3701 224 3771 collationi
239 3705 467 3792 pertinentem,
483 3725 543 3791 pro
560 3704 630 3772 suis
644 3699 859 3773 fidelitatibus
879 3711 911 3773 et
927 3703 1076 3790 seruicijs
1091 3724 1113 3771 a
1127 3724 1182 3770 no·

57 3806 103 3876 bis
118 3811 180 3878 sibi
196 3809 266 3877 dari
292 3811 480 3894 postulauit.
506 3811 628 3879 Verum
653 3811 730 3896 qnia
755 3819 866 3880 nostre
890 3809 1094 3880 Excellencic
1118 3831 1183 3877 non

59 3918 236 4007 constabat,
253 3925 361 3986 utrum
377 3919 527 4005 predicta
536 3925 624 3986 terra
639 3921 803 4006 pertineat
819 3927 928 3988 nostre
941 3918 1112 3988 collacioui
1123 3938 1184 3986 nec

60 4043 105 4104 uc,
118 4024 270 4094 fidelibus
286 4028 404 4095 nostris
430 4026 578 4113 Capitulo
604 4029 771 4096 Jauricnsi
796 4028 944 4096 dedimus
960 4029 994 4094 in
1009 4025 1184 4112 mandatis,

57 4135 89 4196 nt
102 4132 242 4216 ipsorum
260 4135 425 4204 mitterent
440 4137 606 4224 ydoneum
623 4135 865 4221 testimonium,
897 4155 1006 4202 coram
1026 4153 1089 4218 quo
1105 4135 1182 4200 Per-

57 4237 118 4322 lym
132 4237 228 4308 bomo
244 4252 357 4314 noster
372 4245 602 4314 reambularet
619 4244 803 4332 predictam
820 4249 962 4328 terram,
994 4241 1183 4328 presentibn

60 4351 282 4420 commetaneis
316 4359 349 4420 et
378 4353 519 4441 uicinis,
553 4363 586 4423 et
611 4359 771 4422 statueret
801 4353 906 4422 eidem
924 4352 1041 4421 Comiti
1057 4351 1181 4439 Symon

59 4456 295 4547 possidendam,
312 4463 422 4530 sinon
438 4463 529 4530 fieret
545 4461 804 4548 contradictum,
836 4461 1094 4531 contradictores
1121 4481 1183 4530 con

39 4581 105 4642 tra
119 4565 253 4635 eundem
270 4569 446 4658 symonem
472 4568 516 4638 ad
547 4579 691 4640 nostram
716 4570 926 4639 Presenciam
944 4573 1133 4659 succendo,
1150 4581 1183 4641 et

59 4684 124 4766 post
139 4677 198 4747 hoc
212 4678 328 4750 scriem
345 4681 449 4770 ipsius
464 4682 594 4772 negocij
610 4735 620 4773 ,
653 4687 686 4752 ct
701 4681 891 4770 specialiter·
908 4681 1041 4756 nomina
1057 4688 1182 4759 contra·
