3234 5194
876 345 1035 444 413..

393 539 515 604 obitum
531 539 617 604 boue
633 536 784 604 memorie
800 537 837 601 L.
855 535 1027 605 Jadreusis
1042 535 1290 621 Arcbiepiscopi
1315 533 1460 621 pastoris
1474 554 1514 600 sc

393 641 472 706 latio
488 640 652 725 destituta,
668 641 853 727 Capitulum
869 643 972 729 ipsius
987 645 1133 710 Ecclesia
1160 663 1219 728 pro
1245 642 1348 710 futuri
1375 641 1513 708 substitu·

393 749 476 816 tione
486 750 625 834 pastoris
635 759 855 818 convenerunt
870 751 1023 834 inunum,
1035 757 1068 816 et
1083 771 1155 816 cum
1167 747 1298 816 taudem
1318 747 1469 814 nonnulli
1480 768 1514 813 ex

393 855 489 922 dictis
507 857 656 942 Capitulo
673 858 865 941 Magistrum
883 857 1048 924 Andrean
1066 856 1209 940 Oapsoui
1234 857 1440 922 Canopicum
1464 855 1513 920 bc

393 963 494 1028 clesie
508 962 662 1028 Paduaue
678 962 711 1029 iu
727 963 922 1032 Jadreusem
938 963 1230 1050 Arcbiepisoopum
1257 963 1449 1047 elegissent,
1476 979 1514 1026 re·

393 1069 473 1153 liqui
489 1070 532 1136 ad
548 1071 768 1138 venerabilem
785 1072 917 1139 fratrem
943 1077 1086 1139 nostrum
1103 1125 1111 1140 .
1128 1120 1160 1138 ..
1187 1069 1396 1138 Gradeusem
1422 1065 1514 1133 Patri·

392 1176 535 1262 arebam,
550 1177 613 1245 loci
630 1180 838 1266 superiorem,
855 1181 898 1246 ab
914 1179 1071 1246 electione
1088 1177 1273 1248 huiusmodi
1291 1177 1513 1261 appellarunt,

392 1303 502 1350 coram
518 1303 582 1366 quo
597 1285 791 1368 aliquandiu
806 1287 936 1369 negotio
952 1285 1137 1353 huiusmodi
1155 1285 1325 1370 ventilato,
1347 1303 1409 1349 nos
1425 1281 1458 1345 iu
1481 1301 1513 1346 eo

393 1391 598 1480 postmodum
615 1411 675 1477 per
692 1394 946 1479 appellationem
957 1395 1000 1460 ad
1010 1393 1129 1460 Sedem
1140 1392 1369 1477 Apostolicam
1381 1387 1515 1471 legitime

393 1497 545 1566 devoluto
561 1497 715 1566 dilectum
731 1501 830 1566 filium
850 1508 993 1568 nostrum
1010 1503 1035 1566 I.
1053 1499 1137 1566 tituli
1154 1499 1274 1566 Sancte
1290 1497 1419 1564 Oecilie
1434 1496 1514 1560 Pras

394 1606 532 1672 biterum
549 1605 755 1674 cardinalem
771 1608 990 1676 concessimus
1006 1607 1155 1693 partibus
1171 1606 1379 1672 Auditcrem.
1406 1601 1514 1668 Verum

393 1719 510 1797 postea
525 1713 611 1780 idem
628 1716 783 1799 Magister
797 1714 957 1802 Andreas,
974 1716 1107 1800 cupiens
1123 1735 1181 1782 sue
1207 1713 1388 1800 prouidere
1414 1707 1516 1793 quieti,

391 1820 464 1906 iuri,
480 1821 509 1886 si
526 1819 610 1903 quod
625 1821 687 1888 sibi
703 1823 737 1888 iu
755 1821 915 1892 eloctione
931 1823 1117 1890 huiusmodi
1140 1821 1294 1888 extiterat
1309 1818 1509 1903 acquisitum,

392 1927 427 1992 in
443 1930 562 1996 nostris
577 1931 726 1998 manibus
742 1932 942 1998 renuntiavit
956 1950 1118 2018 expresse.
1134 1931 1203 1997 Nos
1215 1931 1327 2012 itaque
1339 1921 1515 1994 huiusmodi

391 2038 628 2104 renuntiatione
644 2045 783 2125 recepta,
804 2039 847 2104 ad
872 2039 1088 2125 provisionem
1114 2039 1217 2124 ipsius
1236 2035 1386 2102 Ecclesia
1404 2035 1511 2100 saluta·

392 2163 459 2209 rem
476 2143 585 2209 debita
600 2146 738 2211 solercia
765 2157 1014 2232 consurgentes,
1040 2155 1074 2212 ut
1100 2148 1205 2231 ipsam
1229 2152 1456 2212 avertamusa
1478 2135 1515 2202 di·

392 2251 547 2337 speudiis,
564 2271 627 2334 que
642 2252 749 2320 solent
766 2254 922 2322 Ecclesiis
938 2275 979 2321 ex
994 2254 1168 2322 vacatione
1184 2254 1311 2320 diutina
1343 2246 1513 2338 provenire,
1576 2239 1577 2292 1

392 2359 425 2424 iu
441 2365 474 2423 tc
486 2357 698 2444 professorem
716 2361 848 2428 Ordinis
875 2364 1025 2430 Fratrum
1050 2362 1224 2448 Minorum,
1251 2381 1360 2447 quem,
1387 2363 1423 2424 ut
1446 2353 1514 2421 fide·
1576 2381 1577 2454 3

350 2483 355 2488 ·
392 2463 563 2549 dignorum
579 2469 763 2536 testimonio
780 2470 939 2537 laudabili
956 2472 1152 2556 accepimus,
1162 2471 1344 2537 virtuosum
1354 2463 1515 2554 predicant
1576 2455 1577 2492 ⁴

393 2571 514 2639 fluenta
532 2573 684 2641 virtutum
709 2595 748 2641 ac
773 2578 867 2643 titulo
900 2579 1001 2644 multe
1028 2578 1325 2663 circumspectionis
1352 2571 1512 2648 extollunt,

392 2681 502 2746 oculos
519 2681 695 2750 direximus
711 2693 819 2751 nostre
836 2686 964 2753 mentis.
981 2683 1189 2770 Quapropter
1206 2690 1379 2769 sperantes
1404 2681 1438 2746 iu
1461 2679 1513 2742 Do.
1576 2703 1578 2772 j

391 2787 489 2874 mino,
507 2789 592 2870 quod
609 2809 666 2873 per
681 2791 892 2859 ministerium
910 2799 962 2860 tue
979 2793 1108 2861 virtutis
1125 2793 1158 2859 in
1175 2793 1288 2860 multis
1305 2796 1470 2877 expertum
1485 2789 1513 2846 et
1576 2781 1578 2808 ¹

392 2895 593 2978 experientia
617 2901 858 2982 comprobatum
886 2901 1014 2984 prefata
1038 2901 1188 2968 Ecclesia
1213 2901 1246 2966 iu
1273 2895 1513 2986 prosperitatem

393 3009 565 3086 consurget
582 3009 736 3089 optatam,
763 3009 793 3071 et
821 3005 955 3073 brachio
980 3011 1034 3073 tue
1060 3007 1292 3074 consolationis
1324 3005 1463 3074 subnixa
1483 2995 1511 3059 in

390 3109 615 3194 spiritualibus
632 3119 663 3178 et
679 3113 921 3198 temporalibus,
937 3121 1067 3181 auctore
1084 3115 1236 3199 Domino,
1254 3113 1359 3198 gratis
1378 3105 1513 3197 proficiet

390 3219 612 3303 incrementis;
629 3225 661 3285 tc
678 3219 740 3304 ipsi
772 3221 919 3286 Ecclesia
944 3221 985 3288 de
1010 3221 1147 3289 tratmm
1174 3228 1359 3288 nostrorum
1385 3212 1509 3286 consilio

387 3325 575 3410 preficimus
601 3326 633 3390 iu
669 3327 956 3412 Arcbiepiscopum
988 3337 1021 3394 et
1052 3337 1226 3413 pastorem,
1261 3335 1315 3396 tue
1347 3319 1509 3413 prudentie

389 3451 499 3498 curam
517 3441 548 3498 et
564 3430 879 3498 administrationem
896 3433 1000 3520 ipsius
1015 3435 1241 3519 temporaliter
1257 3444 1289 3503 et
1306 3429 1510 3522 spiritualiter

389 3541 625 3622 committendo,
641 3541 845 3622 postmodum
863 3541 920 3608 tibi
940 3543 981 3608 de
998 3543 1117 3610 nostris
1134 3545 1284 3611 mauibas
1301 3559 1434 3612 munere
1445 3552 1508 3602 cou-

391 3645 584 3712 secratiouis
610 3647 766 3730 impenso.
784 3649 947 3730 Rogamus
973 3651 1084 3734 itaque
1109 3651 1349 3718 fraternitatem
1374 3658 1460 3716 tuam
1483 3643 1511 3705 el

389 3753 554 3819 hortamur
570 3751 604 3818 in
620 3753 769 3830 Domino,
787 3775 845 3838 per
862 3756 1051 3840 Apostolica
1066 3759 1192 3844 scripta
1209 3757 1415 3840 mandantes,
1441 3766 1508 3833 qut·

387 3871 481 3928 tenus
511 3881 621 3928 curam
654 3868 685 3927 et
715 3859 1026 3932 administrationem
1059 3866 1164 3950 ipsius
1181 3864 1329 3932 Ecclesia
1360 3871 1414 3930 tce
1439 3859 1506 3926 tide·
1570 3895 1572 3904 ‚

387 3971 473 4036 litati
504 3969 692 4036 commissas
723 3967 904 4052 devoteque
932 3979 1101 4056 susceptas
1118 3973 1165 4039 sic
1184 3972 1361 4057 prudenter
1385 3965 1507 4038 studeas

390 4096 522 4164 gerere,
555 4077 763 4161 ipsarumque
795 4097 875 4146 onus
901 4079 1092 4166 prudentius
1119 4087 1333 4166 supportare,
1367 4075 1450 4163 quod
1479 4070 1506 4134 in

381 4201 484 4271 'grege
509 4187 569 4254 tibi
595 4183 715 4251 tradito
731 4185 853 4253 fructus
884 4187 1078 4271 multiplices
1110 4187 1158 4252 illi
1176 4189 1261 4254 bono
1278 4187 1403 4271 pastori
1427 4196 1505 4249 aoce-

387 4301 478 4380 ptos,
509 4295 563 4378 qui
588 4293 646 4360 dat
676 4291 863 4378 affluenter,
897 4299 928 4359 et
944 4313 1009 4359 nou
1040 4294 1246 4380 inproperat,
1273 4294 1394 4378 quique
1424 4291 1505 4358 actus

387 4403 447 4469 sibi
478 4401 627 4487 placidos
653 4399 764 4484 dirigit
790 4403 823 4465 iu
857 4401 942 4468 viam
968 4401 1083 4467 salutis
1110 4409 1240 4487 eterne,
1271 4402 1308 4468 id
1333 4404 1383 4470 sic
1407 4397 1505 4468 effica-

385 4510 462 4575 citer
493 4508 641 4594 superuis
674 4506 803 4574 adiutus
844 4506 976 4574 auxiliis
1017 4507 1229 4594 impleturus,
1256 4511 1343 4593 quod
1378 4498 1501 4594 proinde

383 4637 539 4688 unacum
556 4617 618 4683 tuis
634 4613 775 4684 subditis
793 4614 948 4682 merearis
975 4621 1046 4680 c'uur
1073 4617 1187 4683 electis
1202 4617 1237 4682 iu
1263 4616 1410 4685 districto
1434 4625 1502 4676 exa·
