3132 5192
597 1029 652 1100 99.

62 1225 198 1294 Rcluud
212 1227 323 1316 vajdo
339 1227 534 1313 timndtncpi
540 1228 813 1316 fepyocruattactct
820 1229 931 1318 fopcd
944 1231 1052 1302 Jclcab
1078 1241 1197 1300 muter·

425 1334 487 1399 acle
504 1336 536 1402 ds
552 1337 735 1406 tdrouiaulc.
755 1338 852 1406 1294.

166 1530 242 1598 Nos
283 1526 449 1598 Rolaudvs
484 1530 645 1617 Voyuoda
668 1531 891 1617 significamus
916 1533 1033 1620 qulbus
1067 1532 1199 1622 expedit

62 1655 117 1724 per
131 1642 318 1723 presentes,
336 1637 422 1722 quod
438 1658 498 1705 nos
513 1639 635 1706 Jaccbo
652 1639 742 1706 tratri
771 1641 892 1708 domiui
917 1642 1070 1728 Episcopi
1088 1643 1199 1710 Wara·

64 1743 198 1830 diensis,
215 1743 379 1813 Ladialao
395 1745 462 1812 lilio
478 1745 655 1834 Benedicti,
674 1746 778 1814 Paulo
795 1749 836 1816 de
856 1749 979 1816 Chatar
1004 1755 1036 1817 et
1064 1749 1140 1835 alijs
1164 1750 1198 1817 in

66 1860 169 1921 castro
185 1852 299 1919 Penes
316 1852 587 1919 commorantibus
604 1861 752 1938 treugam
768 1861 800 1922 et
817 1850 930 1941 pacem
941 1877 981 1923 ac
991 1857 1199 1925 securitatem

67 1959 290 2026 omnimodam
307 1957 492 2043 quindecim
510 1958 642 2044 dierum,
659 1984 679 2028 a
695 1961 750 2028 die
766 1983 829 2047 quc
841 1963 1066 2030 descenderint
1078 1964 1117 2032 de
1132 1985 1201 2050 pre·

69 2069 151 2136 dicto
168 2072 294 2153 castro,
304 2068 521 2154 promittimus
533 2076 566 2134 et
580 2069 803 2154 concedimus;
822 2073 869 2137 ila
879 2073 966 2156 qnod
979 2072 1071 2138 boum
1083 2080 1201 2153 noster,

69 2195 158 2257 quom
178 2193 201 2240 a
218 2175 318 2242 nobis
332 2175 521 2262 Capitulum
538 2177 745 2244 waradiensi
771 2179 914 2265 pecierit,
941 2178 1120 2246 conducere
1146 2199 1202 2248 eos

72 2283 290 2366 Varadiunm,
306 2281 410 2348 saluis
426 2285 522 2350 rebus
537 2292 570 2350 et
587 2286 745 2369 personis,
762 2291 795 2350 et
811 2285 851 2352 de
866 2285 1047 2352 Waradino
1064 2287 1106 2354 ad
1117 2285 1203 2354 ultra

7 2445 8 2448 ,
71 2391 217 2476 lyciam,
236 2389 584 2470 celebratissimum,
602 2390 653 2456 uel
670 2391 771 2458 eciam
791 2411 890 2476 usquc
906 2393 938 2458 in
949 2393 1055 2461 Galen
1071 2396 1103 2461 in
1123 2395 1202 2460 Par·

7 2505 8 2508 ’
74 2505 121 2563 trs
136 2497 390 2585 Transiluanas,
408 2519 480 2565 cum
497 2497 646 2566 omnibus
664 2519 773 2565 eorum
789 2500 899 2568 liberis
915 2508 948 2569 et
964 2505 1102 2588 populys
1130 2523 1202 2588 pro·

77 2603 155 2691 prijs
170 2626 210 2673 ac
226 2607 327 2676 rebus
345 2606 596 2692 quibuscunque,
614 2627 711 2674 sanos
729 2613 762 2674 et
777 2608 976 2694 incolumes3
995 2617 1028 2676 ct
1045 2631 1104 2677 uos
1120 2608 1201 2695 ipsis

75 2711 303 2780 recedentibus
318 2711 502 2783 Waradino
518 2713 621 2778 eciam
639 2713 725 2779 ultra
741 2713 898 2782 terminos
914 2721 1103 2802 prenotatos
1128 2736 1202 2784 eau-

78 2817 146 2884 dem
161 2827 313 2903 treugam
331 2825 362 2887 ct
378 2839 492 2903 pacem
508 2819 594 2885 iufra
611 2821 756 2905 spacium
773 2821 992 2908 predictorum
1018 2821 1201 2906 quindecim

78 2923 196 2993 dicrum
214 2949 257 2996 ex
273 2937 367 3014 parte
382 2935 492 2994 nostra
509 2935 541 2996 et
556 2935 739 2997 naumurum
756 2930 972 3014 promittimus
989 2931 1122 3008 firmitur
1138 2949 1203 2996 ser·

81 3041 237 3105 naturum.
254 3037 297 3102 st
313 3036 372 3102 lroc
388 3033 518 3101 nomine
533 3043 653 3121 nostro,
670 3043 703 3102 et
717 3037 847 3104 nomine
863 3035 999 3104 Comitis
1014 3038 1138 3102 Thomc
1150 3055 1204 3121 pa·

82 3143 263 3231 trisnostri,
281 3163 321 3210 ac
337 3143 477 3209 omnium
502 3142 636 3210 fratrum
661 3149 852 3226 nostrorum,
879 3150 912 3210 et
937 3142 1126 3230 specialiter
1151 3163 1204 3209 nc·

86 3247 167 3317 mine
181 3250 295 3317 relicte
310 3247 457 3334 Magistri
474 3249 631 3338 Stephani
647 3249 758 3317 fratris
783 3249 894 3336 nostri,
922 3259 954 3318 et
985 3249 1128 3318 omnium
1160 3249 1204 3318 ad

82 3373 137 3423 uos
154 3365 186 3423 et
200 3357 245 3426 ad
262 3357 350 3444 ipsos
365 3358 598 3444 spectaculum,
629 3357 725 3425 tactis
759 3356 975 3425 Sacrosancto
1007 3355 1198 3442 Euangello

85 3469 114 3528 et
128 3463 276 3550 reliquijs
292 3464 482 3531 Sanctorum
499 3463 640 3550 plurium
667 3485 778 3532 coram
804 3465 972 3532 Conucntu
1002 3463 1114 3531 Sancti
1131 3462 1201 3530 Ste-

8 3555 9 3558 '
86 3569 1201 3656 phaaidePromcntorioWaradicusiiurauimusdrmiterobseruare.

84 3677 116 3743 si
130 3685 235 3746 antem
251 3679 379 3746 cosdem
397 3679 587 3763 Magistrum
604 3678 769 3763 Jacobum,
785 3675 990 3765 (Ladislaum
1001 3683 1034 3744 et
1048 3675 1201 3762 Paulum)

87 3785 117 3850 in
140 3786 585 3870 postcommunionem
603 3783 770 3852 existendo
797 3784 853 3872 ibi,
878 3784 930 3852 uel
956 3785 987 3850 iu
1013 3783 1203 3870 recedendo,

88 3890 167 3960 inira
181 3897 336 3987 terminos
352 3893 558 3980 supradictos
575 3899 607 3960 et
625 3891 712 3960 inira
732 3892 879 3980 spacium
906 3892 1028 3958 dierum
1046 3891 1203 3976 predicto·

89 4017 161 4084 rum,
176 4023 232 4089 per
241 4021 450 4088 quoscunque
467 3999 532 4068 ledi
548 4000 748 4085 contingeret
772 4001 825 4068 ncl
843 3997 961 4066 offendi
980 3997 1013 4064 in
1030 3999 1124 4065 rebus
1149 4003 1206 4064 aut

90 4111 244 4191 personis:
262 4119 378 4178 extunc
395 4110 579 4196 Capitulum
606 4116 746 4176 castrum
761 4109 867 4176 Feres
883 4105 1031 4174 restituet
1043 4105 1206 4191 Episcopo

90 4224 261 4306 memorato,
278 4237 380 4285 causa
395 4223 428 4283 ct
444 4217 613 4284 occasione
628 4237 668 4284 ac
692 4235 782 4282 mora
811 4213 1010 4300 quibuslibet
1040 4211 1204 4294 relegatis.

94 4319 275 4407 Obligamus
301 4326 444 4411 insuper,
471 4323 558 4408 qnod
583 4323 713 4392 cosdem
746 4322 916 4408 Jacobum,
948 4317 1139 4385 Ladialanm
1171 4321 1205 4384 et

94 4424 227 4514 Paulum,
244 4451 315 4504 curn
331 4431 443 4499 liberis
460 4451 624 4500 corumac
649 4428 775 4496 familia
799 4427 942 4516 propria,
968 4425 1067 4510 socijs
1093 4444 1204 4492 eorum

96 4537 288 4625 supradictis,
305 4541 346 4606 ab
362 4539 511 4608 omnibus
526 4541 596 4606 siue
612 4537 764 4624 Vngarys
779 4535 851 4603 siue
876 4531 1030 4620 Olacbya‚
1055 4533 1127 4598 siue
1153 4552 1206 4596 noe

95 4642 163 4716 ttu‘t
177 4643 246 4713 siue
261 4647 414 4752 Ecclesia
431 4648 502 4716 siue
526 4647 613 4720 iufra
638 4644 810 4740 indagines
834 4641 987 4722 Solumus
1013 4641 1085 4716 siue
1111 4645 1205 4718 extra
