3180 5202
588 785 663 853 320.

40 986 311 1070 *I'o'rmcopkoac'ei
327 987 474 1070 oltmdny,
492 985 633 1070 mclplgcl
648 985 798 1068 biaonyoo
809 983 1021 1050 Pachodadra
1032 983 1192 1052 ceNoatre

39 1091 258 1177 ,helyacqckre
288 1095 472 1176 oouatlcoao,
493 1091 638 1156 Bencdelc
670 1091 849 1176 oeseprc‘mt'
875 1093 1005 1178 piiapdk
1029 1095 1060 1157 ta
1091 1069 1194 1169 (fodri

46 1199 206 1264 Kone-dd
220 1209 328 1265 creater
342 1201 428 1264 lolizte'
439 1199 559 1286 peroelc
575 1199 772 1283 to'rqyoldaa
788 1199 1007 1283 eloupoltutt'k.
1017 1183 1307 1302 W.t2q(‚

168 1395 273 1460 Datur
290 1411 347 1477 pro
364 1393 529 1479 memoria,
546 1391 721 1475 quodcum
738 1392 918 1460 secundum
950 1393 1190 1460 continenciam

44 1496 243 1566 litterarum
260 1501 494 1568 memorialium
511 1499 634 1566 domini
649 1501 749 1585 Regis
759 1501 794 1565 in
806 1502 933 1568 octauis
944 1500 1037 1568 Beati
1047 1500 1189 1567 Michae-

44 1603 92 1669 lis
110 1605 316 1691 Archangeli
331 1608 526 1676 venerabilis
542 1613 635 1696 pater
651 1608 688 1674 B.
715 1609 896 1692 Episcopus
927 1607 1190 1694 Wesprimiensis

42 1719 176 1778 contra
191 1715 383 1799 Magistrum
399 1715 593 1782 (tetrardum
610 1715 650 1782 de
666 1714 764 1782 Owar
779 1723 812 1783 et
828 1714 1096 1784 Jacobumlilium
1108 1715 1189 1782 eius-

49 1816 133 1886 dem
152 1820 309 1888 comitem
326 1824 575 1909 Musuniensem,
592 1841 690 1906 super
704 1822 790 1889 facto
815 1822 1057 1908 possessionum
1087 1823 1188 1888 Puch·

50 1922 192 1995 irasara
208 1935 241 1994 et
255 1930 376 1996 Noatre
393 1936 581 1996 nocatarnm
598 1930 723 1996 litteras
739 1947 797 1995 seu
823 1928 1048 2014 instrumenta,
1074 1929 1190 2012 quibus

49 2033 279 2104 mediantibus
296 2036 400 2103 dictas
416 2037 640 2122 possessiones
656 2035 836 2102 dinoscitur
851 2035 1049 2122 possedisse,
1080 2055 1188 2101 coram

49 2141 154 2207 nobis
171 2142 326 2209 exhibere
342 2143 528 2227 debuisset;
547 2141 798 2209 aduenientibus
813 2141 896 2226 ipsis
913 2142 1038 2208 octauis
1070 2141 1189 2224 Magis·

52 2252 105 2310 ter
123 2249 172 2314 St.
191 2255 223 2315 ct
239 2249 354 2317 (lomes
380 2250 549 2318 Johannes
580 2257 803 2334 procuratores
836 2250 915 2315 dicti
946 2249 1102 2334 Episcopi
1131 2267 1189 2332 pro

54 2351 177 2420 collem
193 2358 406 2442 comparando
423 2365 536 2426 contra
551 2359 744 2441 Magistrum
762 2343 958 2426 Corrar'dum
975 2362 1007 2423 ot
1031 2355 1189 2423 Jacobum

57 2460 229 2550 Comitem,
247 2486 305 2550 pro
321 2468 440 2549 quibus
457 2457 616 2550 Magister
630 2465 808 2551 Dyonisius
823 2471 856 2530 ct
880 2463 994 2530 Comes
1025 2461 1190 2528 Adrianus

52 2577 285 2652 procuratores
302 2574 476 2640 eorundem
493 2580 748 2661 comparuerunt,
780 2572 996 2639 exbibuerunt
1028 2567 1187 2653 quasdam

1 2725 2 2728 ,
55 2673 189 2743 litteras
206 2679 346 2766 Capituli
361 2681 543 2748 Janriensis
559 2701 656 2767 super
672 2685 828 2764 premisso
845 2678 983 2763 negocio
1015 2677 1189 2760 confectas⁸

55 2781 180 2850 Verum
197 2787 276 2867 quia
292 2787 332 2854 de
348 2789 562 2872 permissione
579 2788 702 2854 domini
717 2787 815 2870 Regis
831 2785 976 2852 decuria
993 2783 1138 2850 eiusdem
1155 2785 1190 2848 in

55 2889 186 2957 Budam
202 2892 320 2959 suimus
337 2896 481 2978 peruecti
497 2895 540 2960 ad
556 2893 795 2977 expediendum
811 2891 983 2958 rniuersas
999 2909 1116 2956 causus
1132 2910 1189 2956 uo·

55 2993 175 3062 biliam
192 3005 226 3066 et
241 2998 432 3081 ignobilium
448 3001 554 3083 Regni
571 2999 632 3084 sui,
649 3016 710 3063 nec
725 3017 852 3063 eramus
869 2999 905 3063 in
929 2997 1001 3063 loco
1018 3002 1130 3062 nostro
1147 2994 1190 3062 ad

57 3098 273 3171 indicandum
299 3105 465 3192 deputato,
483 3107 648 3192 predictas
673 3105 802 3170 litteras
833 3101 977 3187 Capituli
1007 3102 1189 3168 laoniensis

55 3205 183 3276 eisdem
199 3212 463 3295 procuratoribus
481 3213 636 3298 Episcopi
652 3210 916 3295 Wesprimiensis
948 3209 1056 3292 capite
1085 3209 1189 3291 sigilli

55 3316 163 3382 nostri
177 3316 356 3403 impressas
373 3318 574 3386 reddidimus
589 3317 735 3405 partibus
746 3316 1060 3401 assumpmantibus5
1077 3315 1189 3382 decer·

56 3431 185 3510 nentes,
204 3426 289 3507 quod
304 3427 338 3491 in
355 3422 479 3495 octauis
495 3428 590 3495 Beati
607 3427 739 3493 Martini
756 3423 949 3491 confessoris
967 3422 1062 3489 ambo
1077 3432 1189 3508 partes

2 3536 6 3612 ζ
53 3541 277 3618 compareant
292 3557 400 3604 coram
416 3537 509 3604 uobis
526 3538 670 3621 proprijs
689 3535 722 3600 in
738 3533 895 3619 personis,
913 3539 945 3599 et
970 3533 1055 3598 idem
1088 3532 1187 3598 domi-

56 3657 121 3705 nus
138 3630 323 3729 Episcopus
340 3643 604 3728 wesprimiensis
622 3644 753 3710 casdem
779 3642 904 3708 litteras
938 3638 1079 3725 Capituli
1111 3637 1189 3704 Jau·

2 3735 3 3738 '
56 3746 177 3811 riensis
192 3748 286 3815 nobis
304 3751 456 3818 exhibeat
482 3753 617 3827 iterato;
643 3751 761 3834 quibus
795 3748 949 3816 exhibitis
980 3746 1189 3813 decernemus

2 3873 3 3876 ¹
56 3852 145 3918 inter
160 3863 271 3938 partes
288 3859 418 3925 iusticia
434 3858 606 3927 mediante.
626 3860 748 3925 Datum
764 3860 798 3922 in
815 3855 921 3924 Zeech
938 3855 1050 3938 quinto
1067 3853 1119 3918 die
1136 3873 1187 3918 oo-

57 3965 210 4026 tanarum
225 3963 338 4029 Sancti
353 3965 532 4033 Michaelis.
1134 3967 1139 3976 '

3 4057 4 4062 ’
167 4067 287 4135 Kivttl:
303 4071 365 4138 Pro
382 4071 512 4138 domino
528 4071 690 4156 Episcopo
706 4069 961 4153 Wesprimiensi.

2 4234 3 4244 ,
298 4178 362 4244 Pro
379 4179 537 4263 Magistro
554 4179 712 4246 Corrardo
727 4185 759 4245 et
774 4176 898 4245 Gemite
914 4176 1035 4244 Jacobo
1062 4173 1104 4239 ad
1136 4193 1187 4240 oc-

2 4294 3 4302 *
56 4287 154 4347 tauas
169 4281 280 4348 Sancti
294 4284 435 4351 Martini.
708 4292 709 4296 ’

3 4391 4 4408 ¹
58 4425 198 4495 <Ersdetie
213 4423 387 4495 bdrhtrtytm
410 4427 575 4498 autrpccsbt
598 4430 775 4494 elvaszett3a
794 4445 828 4478 m.
842 4429 867 4478 b.
888 4425 983 4492 Rdvay
1003 4423 1093 4477 caaltd
1106 4425 1188 4476 levil-

553 4517 692 4583 tiriban.)

517 4679 731 4688 ..—.—-—.-
