3124 5194
63 1233 193 1304 Miletos
208 1232 383 1298 eddoruck
408 1231 681 1317 bizonyedpleocle‚
707 1237 790 1321 kopp
816 1232 968 1298 Isroouts
993 1231 1113 1300 Miletos
1131 1233 1207 1322 Apa

61 1343 128 1406 bain
137 1343 223 1428 fiai,
242 1343 390 1428 Bratucy
406 1348 488 1404 ocuti
505 1339 687 1404 oirtokalrat
716 1341 990 1406 Ochuzcerncruelo
1014 1344 1205 1428 orenpedttk.

583 1445 680 1514 1295.
1011 1473 1016 1482 ·

176 1607 248 1676 Nos
272 1609 312 1676 N.
327 1607 508 1695 Palatinus,
526 1609 642 1676 Comes
658 1607 887 1697 symigiensis,
904 1609 1066 1698 Albensis,
1092 1619 1124 1679 et
1148 1615 1203 1682 Ju-

60 1705 127 1774 ‹lex
141 1711 366 1783 Cumanorum
383 1723 494 1786 tenore
505 1715 704 1802 presencium
722 1723 942 1802 protestamur
957 1717 1202 1802 magnificantes

63 1821 255 1891 uniuersis:
271 1824 359 1908 quod
375 1825 562 1912 Stephanus
579 1824 665 1892 iilius
682 1826 755 1910 Aps
770 1826 854 1892 Beni
870 1845 929 1911 pro
944 1845 980 1892 se
995 1833 1028 1892 et
1043 1827 1203 1896 Niclrolao

61 1929 167 1998 fratre
184 1951 248 1998 sno
263 1952 372 2000 eoram
398 1935 496 2002 nobis
512 1933 727 2020 personaliter
742 1933 938 2000 constitutus
954 1934 1119 2002 confessus
1144 1943 1201 2016 est,

63 2038 236 2121 quandam
253 2041 493 2127 possessiouem
510 2042 650 2126 ipsorum
668 2042 811 2129 Bratuey
827 2049 986 2129 uocatam,
1002 2043 1045 2111 ob
1060 2062 1201 2110 amorem

62 2144 257 2216 dileccionis
275 2150 492 2235 proximitatis
508 2159 540 2217 et
551 2150 686 2217 racione
700 2169 916 2235 expensarum
927 2150 1201 2260 acdampnorum

62 2275 144 2338 quas
161 2265 195 2323 et
212 2276 276 2340 qne
292 2257 407 2326 Comes
423 2255 534 2326 Oclrua
549 2263 708 2342 cognatus
732 2277 843 2324 eorum
871 2279 929 2343 pro
958 2257 1040 2342 ipsis
1056 2267 1105 2326 est
1128 2281 1200 2346 per·

62 2382 193 2448 pessus,
212 2364 320 2432 eidem
337 2366 454 2432 Comiti
479 2364 588 2434 Ochuz
615 2371 648 2431 et
663 2366 731 2432 suis
748 2363 922 2432 heredibus
938 2372 1093 2451 perpetuo
1108 2375 1139 2433 et
1155 2368 1202 2436 iu·

63 2472 294 2540 reuocabililer
310 2471 539 2560 possidendam
552 2473 738 2540 contulisse.
755 2473 875 2539 Datum
892 2473 926 2538 in
942 2471 1069 2557 Segusd
1085 2493 1201 2540 secun.

65 2579 104 2658 rlo
121 2581 177 2648 (lie
198 2578 435 2664 quindenarum
457 2584 666 2650 Pentecostss
682 2600 767 2648 auno
782 2580 913 2648 Domini
929 2580 1048 2648 Μῡῡῦο
1061 2599 1201 2664 nonage-

42 2695 45 2700 “
65 2687 144 2754 simo
161 2687 288 2776 quinto.

65 2849 391 2920 pEredetiabiirhtirtyin,
417 2851 523 2919 mclyen
544 2847 653 2903 a'hitui
676 2850 728 2904 ods
750 2858 877 2919 nyomott
895 2849 1041 2920 pccsetnek
1063 2807 1191 2906 tllrodelra

299 2959 433 3012 merram
447 2959 462 2996 a
475 2943 557 2996 budai
569 2943 622 2995 kir.
646 2943 769 2995 lamasci
783 2940 969 3010 lsvtlttrban.)

590 3231 739 3244 amano—n

564 3747 643 3822 lut.

70 3945 213 4019 memor
228 3951 417 4046 cszterpapsi
435 3950 523 4018 oracio
539 3975 578 4018 uz
594 3949 779 4038 erarerpami
794 3945 1023 4036 kriptolaunak
1039 3947 1102 4013 oda
1113 3945 1191 4013 steti

68 4059 219 4126 uMilcloa
236 4061 419 4145 ssztcryaoti
432 4062 554 4146 polysii·
580 4061 664 4126 cluat
689 4081 727 4122 uz
752 4058 938 4145 ecaterpaori
963 4079 1005 4121 rz.
1032 4055 1191 4121 Domokor

255 4171 389 4257 ethuizi
403 4169 578 4236 kerttlethco
597 4167 748 4256 ¹olfoqlult
755 4167 872 4254 foldet.
892 4166 987 4232 1295.

165 4368 291 4434 Damus
308 4387 366 4453 pro
383 4363 548 4450 memoria,
566 4361 650 4448 quod
668 4383 740 4432 cum
769 4360 902 4430 discreti
926 4357 1000 4445 viri,
1017 4357 1186 4426 karissimi

68 4466 97 4532 in
109 4468 243 4544 Domino
261 4473 378 4543 iratres
394 4473 503 4557 nostri,
521 4471 680 4557 Magister
695 4469 843 4536 Thomas
869 4465 1062 4553 Propositus
1078 4473 1111 4532 ct
1126 4464 1186 4532 (ls-

71 4577 193 4656 litulum
209 4582 358 4653 Ecclesia
374 4587 488 4648 nostre
512 4577 767 4664 strigoniensis,
785 4595 884 4662 super
908 4576 996 4641 iacto
1014 4574 1185 4640 uerborum

71 4687 98 4746 ui
110 4687 269 4758 uulnerum
296 4691 505 4778 iobagionum
524 4707 668 4775 suorum,
684 4685 818 4773 Malyna
834 4681 959 4753 scilicet
975 4679 1091 4768 villici,
1110 4676 1183 4767 Ohy
