3124 5194
828 1049 903 1122 lid.

330 1267 396 1336 ιιι.
413 1269 525 1338 mure
539 1270 714 1358 irruptae
739 1271 1029 1358 uryuuapyua,
1052 1273 1138 1359 sopp
1168 1233 1210 1336 α’,
1234 1269 1408 1338 arms
1427 1291 1465 1334 a,

330 1377 460 1446 eremi
474 1390 633 1447 moueatur
648 1377 855 1446 Tardoslcedd
872 1380 1026 1466 euprepes
1035 1379 1161 1446 Pudere
1172 1379 1356 1466 tdyseparr
1368 1375 1464 1443 Ludo

549 1492 614 1555 mer
629 1490 815 1574 adaperui
830 1487 964 1555 tractet
980 1487 1171 1556 caerdlhease.
1188 1483 1289 1554 1297.

437 1700 587 1769 Andreas
599 1700 782 1785 Deigracia
797 1701 974 1785 Hungarie,
984 1700 1163 1788 Dalmauie,
1175 1699 1331 1788 Oroacie,
1349 1699 1459 1782 Rome,

331 1809 453 1894 Seruis,
468 1807 619 1897 Gallicie,
634 1808 834 1895 Lodomerie,
862 1808 1017 1876 Cumania
1034 1809 1255 1893 Bulguricque
1271 1809 1347 1878 Rex
1364 1805 1460 1872 omui·

330 1915 392 1983 bus
410 1914 530 1984 Christi
545 1916 696 1984 fidelibus
712 1925 896 2002 presentem
912 1917 1067 2003 paginam
1092 1917 1299 1986 intuentibus
1326 1914 1462 1980 salutem

332 2023 366 2090 in
383 2025 527 2093 omnium
542 2025 716 2092 saluatore.
742 2023 878 2108 Equites
900 2026 1035 2112 suadet,
1066 2025 1118 2093 ius
1134 2027 1294 2110 requirit,
1311 2029 1350 2090 ut
1365 2021 1461 2105 quod·

331 2151 458 2216 cunque
474 2151 515 2199 ex
531 2131 686 2217 legitimis
702 2133 885 2201 racionibus
902 2133 1063 2220 traditur,
1087 2131 1123 2200 id
1147 2132 1289 2200 solidum
1306 2137 1461 2219 perpetuo

333 2239 451 2308 debeat
464 2259 664 2327 permanere.
696 2240 837 2309 Proinde
852 2241 896 2307 ad
926 2243 1149 2310 uniuersorum
1165 2241 1320 2308 noticiam
1353 2222 1465 2304 tenore

332 2349 545 2437 presencium,
559 2349 672 2416 harum
689 2349 770 2418 serie
790 2349 877 2438 (igy)
892 2351 1042 2417 uolumus
1067 2350 1255 2435 peruenire,
1285 2344 1374 2433 quod
1390 2343 1456 2411 reli

332 2456 417 2542 giosi
432 2455 493 2523 viri
508 2455 662 2526 Herricus
678 2465 711 2524 et
736 2456 922 2542 conradus,
940 2458 1058 2526 tratres
1074 2457 1206 2526 Ordinis
1222 2451 1459 2544 Cystereieusis

333 2564 480 2632 Ecclesie
496 2565 617 2634 Sancte
634 2565 745 2634 Crucis
761 2564 802 2634 de
818 2565 953 2634 Austris
961 2619 970 2654 ,
1001 2567 1075 2635 vice
1091 2571 1124 2633 et
1139 2566 1271 2634 nomine
1298 2561 1408 2630 fratris
1422 2558 1455 2624 B.

332 2672 469 2741 Abbatis
486 2679 518 2740 et
532 2675 635 2742 tocius
670 2675 854 2742 Conuentus
884 2673 1027 2743 eiusdem
1052 2673 1218 2760 Ecclesie,
1250 2693 1328 2740 cum
1346 2668 1456 2737 litteris

332 2781 562 2867 procuratorijs
588 2784 763 2850 eorundem
792 2782 991 2850 sufficienter
1021 2782 1190 2868 instructi,
1223 2801 1337 2849 coram
1369 2775 1454 2845 uobis

333 2895 559 2974 comparentes
576 2891 715 2960 confessi
732 2897 817 2977 suut,
836 2891 999 2976 quandam
1016 2891 1254 2979 possessionem
1269 2884 1453 2969 Mouasterij

333 2993 451 3063 Sancte
467 2996 598 3082 Crucis,
624 2997 852 3068 Turdaskeddi
872 3005 1021 3067 uocatam
1031 3049 1041 3086 ,
1072 2999 1106 3064 iu
1124 2999 1287 3066 comitatu
1305 2993 1452 3065 Nitrieusi

333 3101 535 3194 existentem,
550 3126 623 3173 cum
639 3108 792 3175 omuibus
809 3108 1002 3176 utilitatibus
1026 3109 1094 3175 suis
1119 3115 1151 3173 ct
1166 3105 1377 3193 pertinencijs
1391 3099 1450 3170 vui-

335 3209 438 3280 uerris
454 3231 490 3280 se
506 3212 646 3298 dedisse,
665 3213 842 3282 tradidisse
852 3223 885 3282 et
899 3215 1077 3282 contulisse
1092 3201 1274 3282 uenerabili
1290 3211 1377 3300 patri
1398 3210 1452 3278 Lo·

335 3315 478 3386 dometio
494 3321 556 3390 Dei
572 3322 686 3407 gracia
701 3321 957 3408 Archiepiscopo
988 3319 1225 3407 Strigoniensi.
1251 3321 1450 3401 eiusdemque

336 3425 399 3494 loci
415 3427 532 3495 Comiti
549 3437 713 3516 perpetuo,
729 3429 847 3498 dilecto
865 3436 897 3496 et
925 3427 1014 3498 fideli
1035 3436 1165 3516 nostro,
1191 3436 1223 3496 et
1238 3449 1298 3516 per
1313 3449 1384 3498 eum
1398 3423 1450 3491 Ar·

334 3531 589 3622 chlepiscopatui
605 3535 817 3623 Srigonieusi,
834 3537 868 3603 iu
892 3536 1114 3603 concambium
1131 3555 1189 3603 seu
1205 3530 1449 3621 permutaciouis

332 3647 534 3710 contractum
551 3643 719 3714 cuiusdem
745 3641 962 3730 possessionis
993 3643 1095 3730 ipsius
1126 3643 1322 3711 venerabilis
1345 3638 1449 3732 patris,

333 3747 506 3819 Paraehan
521 3759 637 3821 uocate
653 3753 687 3820 in
704 3750 865 3821 comitatu
881 3751 1074 3822 Posouieusi
1105 3753 1293 3838 existentis,
1318 3771 1381 3838 que
1395 3750 1447 3818 eis·

334 3857 408 3926 dem
424 3859 579 3928 frutribus
596 3861 701 3945 magis
717 3861 808 3930 utilis
823 3861 1003 3946 uidebatur,
1019 3869 1176 3948 perpetuo
1193 3866 1227 3930 et
1241 3856 1445 3930 irreuoccbili·

335 3975 384 4035 ter
399 3969 637 4056 possidendam.
669 3971 727 4037 Cui
743 3971 921 4040 contractui
953 3970 1023 4038 siue
1053 3969 1262 4058 concambio,
1294 3977 1445 4054 tamquam

333 4075 438 4160 Regni
454 4077 612 4147 Dominus
629 4085 661 4147 st
677 4079 839 4147 Patronus
854 4079 1009 4157 Ecclesia,
1026 4085 1168 4146 nostrum
1183 4079 1319 4165 Regium
1334 4072 1443 4167 prebui·

333 4207 405 4255 mus
421 4207 614 4258 eonsensum
632 4195 664 4257 et
684 4211 862 4261 assensum.
880 4191 917 4257 In
933 4190 1023 4257 ouius
1040 4190 1087 4256 rei
1104 4189 1296 4256 memoriam
1305 4239 1316 4275 ,
1348 4201 1443 4276 perpe

333 4300 487 4387 tuamque
502 4297 685 4367 firmitatem
702 4299 747 4366 ad
762 4299 957 4385 peticionem
972 4297 1120 4384 parcium
1145 4299 1316 4382 presentes
1333 4309 1442 4362 conces·

333 4405 435 4476 simus
449 4404 596 4492 litteras,
629 4405 795 4493 dupplicis
820 4403 925 4492 sigilli
954 4407 1057 4474 nostri
1072 4403 1250 4472 munimine
1278 4404 1443 4472 roboratus

332 4516 454 4583 Datum
469 4533 529 4599 per
544 4533 660 4582 manus
685 4513 885 4582 venerabilis
914 4514 1021 4599 patris
1052 4510 1225 4598 Theodorij
1256 4509 1319 4580 Dei
1349 4505 1441 4598 gracia

333 4619 489 4710 Episcopi
504 4619 698 4708 hortensis,
715 4623 790 4691 aule
800 4629 910 4691 nostre
926 4621 1195 4707 vicecancellarij
1212 4618 1323 4686 dilecti
1338 4626 1369 4687 et
1380 4615 1442 4684 fide·
