3146 5192
590 1009 666 1082 tls.

11 1303 15 1314 ἱ
64 1213 125 1282 m.
140 1211 254 1280 Ersdrc
269 1212 441 1301 kirdtyuat
457 1213 689 1298 tb'rodupkezdsi
711 1211 901 1297 kiudou'nyc
927 1219 965 1274 ab
981 1209 1052 1274 Aba
1067 1220 1198 1275 camact-

7 1324 10 1327 ‘
218 1327 277 1413 εἱς
288 1326 402 1410 ,tapjae’
416 1324 487 1389 lost
504 1326 620 1389 tbrtdct
635 1322 926 1408 birtoloeztctlyro'l.
944 1321 1042 1385 1299.

172 1520 324 1589 Andreas
341 1520 403 1589 Dei
413 1519 527 1606 gracia
541 1520 719 1604 Hungaric,
733 1517 915 1602 Dalmacie,
929 1515 1074 1597 Oroacie,
1091 1517 1193 1584 Rome

72 1628 197 1715 Seruio,
216 1629 367 1718 Gallicie,
381 1629 591 1714 Lodcmerie,
611 1625 779 1712 Cumanis,
809 1625 1031 1711 Bnlgarieqne
1045 1625 1115 1692 Rex
1133 1645 1197 1691 om·

13 1750 14 1753 ’
73 1735 167 1803 nibus
187 1735 311 1804 Christi
326 1737 478 1804 fidelibus
504 1741 672 1824 presentes
698 1735 827 1801 litteras
852 1733 1047 1820 inspecturis
1056 1732 1202 1800 ‘salutern

68 1845 99 1910 in
115 1846 262 1912 omnium
281 1845 462 1912 saluatore.
480 1843 534 1912 Ad
558 1845 785 1912 uniuersorum
800 1847 868 1909 tam
885 1840 1088 1928 presencium
1104 1860 1202 1924 quam

68 1951 246 2020 futurorum
275 1953 429 2020 noticiam
464 1953 580 2019 harum
606 1953 692 2020 serie
715 1951 865 2018 volumus
890 1947 1081 2037 peruenire3
1114 1948 1200 2033 quod

70 2081 136 2126 cum
153 2062 303 2148 Lulxach,
321 2063 447 2146 Petrus,
465 2062 658 2148 Demetrius,
684 2059 868 2146 Stephanus
884 2065 916 2126 et
932 2055 1119 2144 Ladizlaus,
1135 2057 1194 2143 filij

0 2158 4 2263 i
69 2166 203 2236 Oomitis
221 2169 308 2236 Petri
326 2167 368 2235 de
389 2188 509 2252 genere
525 2167 609 2253 Aba,
627 2167 918 2236 discretnmnirum
933 2165 1127 2250 Magistrum
1137 2168 1198 2233 La-

0 2269 5 2341 Ι
71 2275 212 2342 dialaum
237 2274 446 2360 Prepositum
475 2275 620 2342 Ecclesie
644 2275 850 2361 Tytulicnsis
876 2273 953 2341 aule
977 2279 1089 2341 nostre
1109 2273 1198 2342 Vice-

71 2383 323 2472 Cancellarium,
341 2382 496 2450 dilectum
514 2390 545 2450 et
559 2383 690 2450 fidelem
706 2388 861 2468 nostrum,
877 2381 1087 2472 Demetrium,
1104 2382 1203 2449 Nico·

73 2491 197 2559 colanm
215 2499 248 2559 et
262 2491 488 2558 Alexandrum
514 2492 710 2578 Magistros,
742 2491 828 2558 filios
859 2489 993 2559 Comitis
1010 2490 1201 2577 Alexandri,

71 2600 233 2684 patrueles
252 2599 376 2666 iratres
398 2599 574 2667 eorundem
590 2617 689 2684 super
718 2597 911 2682 quibusdam
937 2598 1196 2684 possessionibus

11 2716 13 2719 ’
73 2707 214 2796 Nekche,
231 2707 421 2796 Pagraach,
436 2707 596 2775 Radauan
613 2713 646 2774 et
663 2705 864 2774 Scentmihal
874 2707 1002 2774 vocatis
1018 2707 1105 2773 ultra
1119 2709 1201 2775 Dra-

74 2837 153 2881 wam
169 2815 393 2883 existentibus
410 2815 586 2883 traxissent
602 2814 636 2879 in
667 2833 799 2882 causam
824 2833 934 2882 coram
950 2813 1046 2880 nobis
1055 2863 1066 2898 ,
1083 2819 1116 2879 et
1131 2819 1200 2881 tan·

75 2923 142 2990 dem
157 2923 287 2991 eisdem
307 2923 454 3008 Lokach,
474 2923 571 2991 Petro
587 2944 627 2991 ae
643 2922 809 2990 Demetrio
835 2941 894 3007 pro
910 2941 946 2988 se
955 2971 965 3006 ‚
982 2921 1152 3006 Stephano
1168 2931 1201 2989 et

76 3031 228 3100 Ladizlao
244 3031 401 3099 fratribus
416 3030 483 3100 suis
512 3031 697 3098 memoratis
714 3050 785 3096 cum
816 3027 1050 3115 procuratorijs
1081 3029 1202 3097 litteris

74 3140 191 3206 nostris
207 3158 249 3206 ex
266 3160 334 3205 nna
354 3145 470 3225 parte;
488 3145 521 3206 et
536 3137 675 3226 prefatis
690 3137 850 3222 Magistro
860 3136 1017 3204 Ladizlao
1028 3138 1205 3224 Prepesito,

75 3246 236 3314 Demetrio
252 3253 285 3313 et
301 3243 503 3333 Alexandro,
520 3245 672 3313 similiter
697 3265 756 3329 pro
772 3249 857 3312 sect
871 3265 932 3330 pro
948 3244 1094 3329 predicto
1109 3244 1205 3310 Nico·

76 3356 124 3421 lac
138 3353 244 3422 tratre
274 3355 421 3439 ipsorum
452 3354 555 3422 eciam
573 3375 645 3421 cnm
674 3351 913 3440 procuratorijs
945 3353 1064 3420 litteris
1079 3356 1204 3430 nostris

78 3481 182 3530 coram
199 3461 291 3530 uobis
308 3463 527 3546 personaliter
545 3462 806 3547 comparentibus
818 3481 859 3530 ex
876 3461 992 3548 altera,
1009 3461 1044 3527 in
1060 3458 1204 3548 Congre-

76 3573 205 3654 gacione
221 3571 326 3656 Regni
343 3573 447 3638 nostri
463 3571 620 3640 Generali
635 3572 737 3657 ijdem
752 3569 809 3656 filij
830 3568 968 3638 Comitis
983 3572 1072 3639 Petri
1089 3581 1204 3642 contra

77 3686 266 3746 memoratos
280 3679 478 3744 Ladizlaum
494 3679 698 3764 Propositum
723 3668 761 3745 et'
771 3679 889 3746 iratres
905 3697 993 3766 snos,
1019 3679 1206 3750 sedentibus

78 3787 163 3854 nobis
179 3807 240 3872 pro
270 3785 452 3872 tribunali,
479 3792 511 3852 et
537 3785 761 3854 assidentibus
786 3787 1033 3855 venerabilibus
1057 3790 1207 3875 patribus

82 3895 171 3963 Petro
188 3895 411 3962 Transiluane
437 3903 472 3963 et
495 3895 592 3963 Haab
617 3894 811 3982 Wacyensis
836 3897 899 3962 Dei
915 3897 1028 3981 gracia
1042 3897 1207 3965 Ecclesia·

18 4010 23 4018 '
81 4023 142 4070 rum
158 4003 345 4091 Episcopis,
365 4003 538 4070 Dominico
553 4001 710 4088 Magistro
726 4003 994 4072 'lawarnicorum
1012 4010 1205 4092 nostrornm,

79 4109 231 4198 llagistro
245 4112 293 4181 St.
319 4111 436 4182 iudice
462 4111 559 4180 Ourie
589 4119 721 4198 nostre,
752 4113 910 4198 Magistro
926 4113 1093 4182 Demetrio
1109 4117 1206 4183 Poso-

0 4286 1 4289 ,
79 4219 173 4289 riensi
189 4227 222 4289 et
238 4221 280 4290 ds
298 4221 426 4308 Zolnm,
443 4219 572 4290 Thema
588 4218 713 4288 Gemite
728 4221 897 4306 Nytriensi
914 4227 947 4288 et
961 4221 1151 4310 Borsyensi,
1163 4242 1204 4290 ao

0 4318 1 4321 ’
80 4327 148 4413 aliJ's
163 4349 260 4415 quarn
276 4328 432 4417 pluribus
449 4329 633 4398 Beronibus
650 4335 682 4397 et
697 4326 868 4397 Nobilibus
884 4329 989 4414 Regni
1005 4331 1117 4418 nostri,
1135 4349 1206 4417 pro·

79 4435 254 4518 posuissent
268 4439 302 4504 in
322 4437 428 4521 figura
444 4437 568 4524 Judicij
586 4437 621 4504 in
637 4437 723 4506 hunc
738 4435 889 4505 modum:
915 4435 1003 4521 qnod
1020 4433 1122 4522 ijdem
1138 4437 1205 4505 Ma-

0 4538 1 4549 ’
80 4541 171 4626 gister
184 4545 367 4616 Ladinlaus
383 4547 575 4634 Prepositne
595 4551 628 4613 et
644 4545 763 4615 iratres
789 4545 838 4614 sui
854 4543 1061 4634 medietatem
1076 4563 1204 4630 posscs-

81 4649 195 4727 sionum
212 4654 427 4752 predictarum
443 4707 453 4752 ,
479 4653 638 4751 quemad
664 4654 753 4750 ipsos
784 4653 939 4726 dicebant
955 4652 996 4720 ds
1011 4652 1081 4723 iure
1096 4655 1197 4745 pertis
