3234 5194
780 275 936 374 gc—

297 469 439 554 ipsorum
456 466 569 534 eodem
585 467 639 534 die
655 475 688 534 et
703 470 774 534 looo
791 469 896 536 extitit
922 473 1144 556 iuteremptus,
1170 471 1371 558 admisimus,
1393 480 1426 540 ct

78 575 79 578 ’
300 575 522 662 priuilegiales
538 595 577 641 ao
593 583 740 661 potentes
757 577 884 644 litteras
909 578 1022 646 fratris
1040 579 1142 646 nostri
1167 579 1334 648 karissimi
1358 600 1425 648 uon

300 667 454 766 cassatas,
471 703 537 750 non
552 684 700 770 abolitas,
724 704 788 750 non
805 686 1014 772 cancellatas,
1040 707 1106 753 non
1130 688 1278 776 abrasas,
1306 708 1365 754 nec
1390 690 1426 753 in

301 793 410 876 aliqua
426 793 476 857 sui
502 797 595 876 parte
612 793 757 880 viciatus,
773 797 863 862 ratas
880 795 1038 862 hebentes
1055 803 1088 863 et
1097 804 1263 882 acceptas,
1274 797 1315 864 de
1327 799 1430 864 uerbo

302 899 344 966 ad
360 901 493 966 uerbum
509 903 713 987 presentibus
728 902 827 968 inseri
843 903 991 969 iaciendo
1008 905 1203 971 auctoritate
1220 906 1430 990 presencium

303 1011 515 1076 confirmanus
530 1009 672 1092 duplicis
688 1011 789 1094 sigilli
807 1013 907 1076 nostri
924 1011 1100 1078 munimine
1133 1013 1327 1080 roborando.
1363 1013 1431 1078 De-

303 1125 369 1184 tum
389 1136 574 1200 permanes
592 1117 724 1184 discreti
741 1121 802 1184 viri
828 1118 977 1202 Magistri
1009 1118 1147 1186 Teodori
1167 1118 1251 1207 (lgy)
1269 1119 1432 1206 Propositi

304 1223 621 1310 Ecclesicrllbensis,
633 1225 709 1292 aule
727 1233 835 1291 nostre
852 1226 930 1293 Vioe
942 1227 1139 1311 Cancellurij
1152 1227 1263 1294 dilecti
1275 1233 1308 1294 et
1322 1225 1432 1293 fidelis

303 1333 406 1398 nostri
422 1351 506 1396 anno
523 1329 654 1397 Domini
669 1330 786 1400 114000ο
803 1334 1014 1417 nonagesimo
1039 1335 1155 1421 primo,
1181 1333 1287 1418 Regni
1319 1339 1431 1400 autern

305 1441 405 1508 nostri
421 1459 506 1506 auno
523 1438 664 1506 secundo
681 1440 788 1526 pridie
804 1441 881 1508 Idus
897 1442 1096 1508 Decembris.

288 1679 291 1684 .
306 1638 445 1705 (Eredctis
458 1635 632 1704 bb'rbdrtydm
646 1639 773 1705 molynslr
782 1639 951 1706 pccsetjdbdl
963 1643 1030 1693 cruk
1043 1656 1061 1692 a
1072 1605 1226 1706 sdldssshga
1235 1639 1431 1705 selyomasinor

296 1723 297 1726 ’
511 1741 627 1795 megvan
639 1727 705 1792 mir,
718 1746 736 1781 s
747 1746 834 1782 uemz.
847 1747 968 1784 muscum
980 1727 1224 1797 kdcirsttdrdbsu.)

861 2527 912 2594 17.

308 2728 372 2796 ΙΙΙ.
390 2731 501 2796 Endrc
516 2729 625 2815 ltrotp
641 2730 821 2812 moperb'sc'ti
838 2729 894 2792 IV.
912 2729 1028 2792 Ldszto'
1052 2725 1228 2812 rtrotpnak
1247 2725 1340 2811 Syllo
1355 2725 1435 2810 boly-

308 2842 389 2924 sdpct
404 2841 557 2923 tdrpyacd
573 2837 768 2918 odomctopdl
791 2834 937 2900 Tc'oadar
952 2847 1064 2901 mester
1080 2835 1349 2921 szdkmfcbdrodri
1359 2836 1433 2920 prd-

582 2953 656 3027 post
672 2943 703 3006 da
719 2943 865 3007 teatodrci
880 2947 1041 3009 azdmdro.
1059 2942 1157 3006 1291.

415 3157 635 3224 AndreasDci
652 3156 764 3240 gracia
775 3153 953 3238 Hungarie,
965 3152 1145 3240 Dalmacie,
1163 3155 1307 3240 Croacie,
1325 3155 1435 3236 Rome,

310 3269 432 3352 Seruio,
465 3264 604 3332 Gallicis
628 3264 831 3349 Lodomerie‚
849 3261 1008 3329 (lumenie
1026 3262 1244 3345 Balgarieque
1272 3264 1342 3328 Rex
1368 3263 1437 3327 rni-

310 3375 412 3441 uersis
430 3372 549 3439 Christi
566 3371 713 3438 fidelibus
730 3377 796 3434 tam
814 3370 1020 3455 presentibus
1037 3389 1134 3452 quam
1152 3368 1269 3434 futuris
1296 3387 1434 3452 presens

307 3481 463 3564 scriptum
478 3477 672 3561 inspecturis
688 3476 825 3542 salutem
841 3477 875 3540 in
892 3475 1007 3542 salutis
1023 3476 1189 3559 largitore,
1208 3473 1438 3542 Aduniuerso-

310 3611 379 3658 rum
396 3585 550 3654 noticiam
577 3592 689 3650 tenore
720 3582 924 3665 presencium
957 3584 1104 3648 volumus
1135 3583 1318 3666 peruenire,
1350 3583 1439 3665 quod

309 3718 381 3766 oum
398 3700 510 3760 contra
525 3692 694 3758 Albertum
711 3692 835 3755 Ducem
851 3690 984 3755 Austris
999 3690 1099 3755 lilium
1111 3691 1207 3771 Regis
1220 3692 1440 3756 Romanorum

309 3824 368 3891 pro
385 3799 504 3867 iniuria
519 3799 612 3866 nobis
628 3796 723 3862 illato
739 3800 884 3862 nostrum
902 3796 1075 3863 exercitum
1091 3797 1336 3881 amouissemus,
1355 3801 1386 3862 et
1397 3797 1440 3864 ad

310 3909 529 3980 venerabilem
546 3904 729 3973 Ecclesiam
744 3910 889 3969 nostram
915 3903 1088 3970 Albensom
1115 3913 1173 3989 pro
1200 3905 1362 3970 elenando
1389 3926 1441 3970 re-

308 4021 390 4088 xillo
407 4025 516 4086 nostro
547 4013 807 4097 accessissemus,
840 4011 995 4093 Magister
1026 4011 1215 4077 Theodorus
1248 4013 1436 4095 Prepositus

310 4128 454 4198 eiusdem
472 4124 620 4192 Ecclesie
637 4127 744 4187 nostre
761 4119 925 4203 Albensis,
944 4118 1016 4182 arrlo
1042 4125 1150 4182 nostre
1177 4117 1439 4184 Vico-Cancelle-

309 4237 384 4316 rius,
404 4229 814 4302 ComesLedizlanssrater
837 4223 990 4312 eiusdem,
1010 4231 1042 4291 et
1058 4224 1213 4290 Nicolaus
1231 4224 1314 4290 tilios
1330 4224 1437 4291 Corui·

309 4345 351 4410 tis
367 4343 497 4410 Nicolai
512 4343 597 4408 filius
612 4337 721 4404 fratris
739 4333 911 4402 eorundem
930 4332 972 4398 ad
1000 4339 1140 4398 nostram
1159 4332 1351 4398 accedentes
1368 4354 1439 4418 pre-

308 4451 453 4517 senciam
471 4447 688 4516 exhibuerunt
705 4444 797 4509 nobis
815 4441 1020 4529 priuilegium
1046 4438 1143 4521 Regis
1171 4439 1320 4504 ladislai
1346 4441 1435 4505 clarc

309 4555 462 4628 memorie
478 4552 637 4643 patruclis
653 4549 762 4618 fratris
771 4547 884 4628 nostri,
894 4563 991 4631 sopor
1007 4543 1186 4613 collacione
1204 4581 1240 4591 -
1261 4583 1304 4594 -
1315 4565 1347 4610 m
1358 4553 1442 4612 terro
