3124 5194
805 321 963 424 Q

320 523 373 590 tnr
387 517 614 591 substitutione
628 525 804 606 pastorum,
822 539 880 606 per
895 537 979 602 quos
996 513 1213 604 spiritualiter
1229 523 1261 585 ct
1287 521 1437 602 tempora·-

318 629 403 717 liter,
412 637 519 696 actore
528 629 676 715 Domino,
687 631 873 695 continuum
885 627 1049 713 snsc'pcre
1058 627 1190 694 valeant
1199 625 1436 692 incrementum.

321 737 359 801 lu
373 743 486 804 nostra
500 736 660 820 siquidem
686 737 853 822 presentia
881 733 1033 820 retulisti,
1058 735 1144 818 quod
1160 733 1239 801 olim
1258 731 1438 800 Oatbedrali

322 843 471 911 Ecclesia
485 843 674 930 Absarensi,
708 843 941 928 metropolitico
965 842 1024 910 tibi
1041 843 1111 908 iure
1126 843 1288 928 subiecta,
1304 862 1361 927 per
1379 841 1442 908 obi·

325 957 391 1016 tum
408 952 494 1018 bone
509 951 661 1019 memorie
676 951 790 1020 Jacobi
807 951 962 1037 Episcopi
978 949 1178 1017 Absarensis
1205 951 1346 1032 pastoris
1370 949 1448 1034 rogi·

323 1057 409 1122 mine
425 1057 589 1144 destituta,
608 1058 794 1144 capitutum
811 1057 958 1124 eiusdem
990 1057 1140 1124 Ecclesie
1170 1076 1346 1141 personam
1370 1058 1449 1126 indi-

323 1183 433 1250 gnam,
466 1165 617 1232 videlicet
639 1165 797 1231 Thomam
823 1163 1137 1248 Archipresbiterum
1163 1163 1269 1250 ipsius
1295 1166 1449 1246 Ecclesie,

323 1269 484 1336 detectum
509 1273 690 1338 litterarum
714 1272 897 1340 evidentem
923 1279 955 1338 et
982 1271 1236 1338 intollerabilem
1263 1274 1451 1360 patientem,

324 1383 462 1444 scienter
492 1377 525 1444 in
541 1380 757 1446 Absureusem
787 1379 980 1464 Episcopum
992 1380 1174 1463 clegerunt,
1184 1380 1310 1463 tibique
1322 1379 1451 1450 decreto

322 1483 491 1552 electionis
507 1485 691 1553 huiusmodi
717 1491 904 1571 presentato
929 1508 951 1552 a
974 1492 1005 1552 tc
1030 1487 1194 1570 petierunt
1220 1487 1395 1575 instanter,
1419 1497 1454 1556 ut

323 1592 459 1658 eandem
477 1594 668 1661 electionem
683 1593 876 1660 auctoritate
891 1593 1132 1680 Metropolitiea
1157 1595 1378 1664 confirmares
1403 1599 1452 1664 'l'n

324 1719 402 1766 vero
418 1709 484 1766 tam
502 1722 655 1787 processu
672 1703 775 1786 ipsius
792 1701 972 1786 electionis,
997 1723 1095 1784 qnam
1120 1723 1262 1788 persona
1287 1704 1369 1770 dioti
1396 1706 1452 1770 Ar·

324 1805 546 1893 cbipresbiteri
562 1809 768 1895 examinatis,
785 1809 878 1876 iuxta
894 1809 992 1876 oflicii
1024 1811 1071 1877 tui
1088 1810 1234 1877 debitum
1262 1811 1453 1896 diligenter,

327 1913 405 1995 quia
426 1916 521 1998 pleno
546 1915 689 1982 constitit
704 1915 866 2000 predictos
893 1915 1078 1998 Capitulum
1099 1917 1261 2001 prosatum
1279 1917 1453 2005 archipre-

325 2021 482 2088 sbiterum
500 2023 542 2088 ob
566 2027 778 2089 memoratum
804 2021 965 2088 defectum
992 2022 1124 2090 omuino
1150 2023 1321 2108 indignum
1353 2026 1458 2091 scien·

329 2135 378 2193 ter
394 2127 437 2192 ad
456 2129 603 2197 Ecclesie
627 2134 804 2195 memorate
831 2128 976 2211 regimen
1003 2129 1157 2215 elegisse,
1183 2130 1271 2214 quod
1299 2132 1400 2198 etiam
1425 2133 1459 2198 iu

322 2233 448 2319 judicio
480 2255 587 2304 coram
617 2243 651 2302 te
676 2231 846 2303 consessus
871 2235 997 2322 extitit,
1030 2256 1066 2303 se
1093 2257 1260 2321 nunquam
1288 2240 1458 2306 audivisse

326 2343 506 2426 Donatum3
522 2343 682 2428 prefatam
699 2337 899 2428 electionem,
916 2349 1027 2429 utpote
1052 2353 1165 2411 contra
1189 2345 1326 2412 formam
1351 2347 1456 2414 eano-

263 2437 268 2446 ’
325 2471 402 2518 num
418 2457 626 2538 attentatam,
642 2450 882 2518 sententialiter
900 2453 1090 2540 reprobans,
1106 2455 1326 2539 pronuntiasti
1351 2455 1457 2522 dictos

328 2557 513 2645 Capitulum
530 2557 673 2645 eligendi
689 2558 751 2626 hac
767 2559 838 2625 vice
848 2565 1011 2645 potestate
1035 2561 1107 2647 ipso
1117 2561 1186 2628 iure
1211 2562 1281 2631 sore
1300 2565 1457 2652 privatos,

326 2667 545 2752 provisionem
562 2669 664 2753 ipsius
681 2667 826 2735 Ecclesie
843 2665 887 2732 ad
903 2667 1021 2734 Sedenr
1036 2669 1260 2752 Apostolicam
1289 2675 1455 2740 remitten-

327 2773 379 2841 do.
395 2774 464 2840 Noe
479 2771 587 2860 igitur,
605 2770 692 2856 qnod
707 2791 806 2858 super
821 2771 884 2838 hoc
900 2793 921 2838 a
936 2779 969 2839 te
983 2773 1103 2840 lactum
1120 2781 1181 2863 cst,
1199 2782 1306 2844 ratum
1323 2787 1357 2845 et
1384 2800 1458 2866 gra·

326 2886 394 2944 tum
412 2879 579 2964 habentes,
596 2899 634 2944 ac
649 2888 798 2963 gerentes
814 2877 855 2943 de
886 2886 941 2946 tue
966 2879 1264 2967 circumspectionis
1291 2885 1459 2954 industria

327 2987 361 3053 in
377 2985 515 3054 Domino
531 2986 681 3054 fiduciam
699 2985 887 3073 pleniorem,
899 2986 1093 3054 fraternitati
1109 2995 1164 3055 tue
1173 2992 1366 3074 proficiendi
1383 3015 1458 3062 auc·

328 3093 459 3161 toritate
475 3103 585 3161 nostra
600 3093 704 3161 eidem
722 3095 868 3161 Ecclesie
883 3095 1026 3178 aliquem
1042 3097 1147 3163 virum
1165 3097 1328 3183 ydoneum
1346 3101 1389 3169 de
1400 3103 1458 3169 Or·

327 3201 403 3268 dine
432 3201 581 3268 Fratrum
615 3201 785 3286 limorum,
799 3200 856 3286 qni
871 3207 964 3270 tanto
980 3210 1138 3288 congruat
1154 3209 1245 3276 oneri
1271 3215 1304 3276 et
1329 3210 1457 3295 honori,

328 3329 427 3394 snper
441 3327 505 3390 quo
521 3315 608 3374 tuam
633 3307 831 3375 intendimus
851 3308 1083 3378 conscientiam
1100 3335 1249 3402 onerare,
1261 3337 1302 3384 ac
1313 3317 1457 3387 sacicndi

328 3418 369 3504 ei,
384 3422 553 3502 postquam
569 3415 675 3501 ipsum
692 3415 839 3481 Ecclesie
855 3415 1001 3500 predicte
1017 3419 1203 3509 profeceris,
1220 3443 1240 3488 a
1257 3425 1388 3509 prelato
1399 3427 1458 3494 Ca·

329 3524 433 3609 pitulo
450 3530 483 3588 et
498 3520 594 3588 Olero
618 3541 659 3586 ac
682 3522 804 3607 populo
829 3521 980 3589 Civitatis
1011 3530 1044 3589 et
1074 3527 1225 3596 Diocesis
1255 3529 1459 3605 Absareusis

328 3639 486 3712 tanquam
502 3627 587 3713 patri
604 3635 635 3694 et
653 3630 776 3714 pastori
792 3629 973 3696 animarum
999 3651 1131 3700 suarum
1157 3637 1303 3705 hobodiri
1330 3642 1459 3710 hnmili-

328 3747 379 3805 ter
393 3756 432 3802 ac
446 3733 581 3822 intendi,
598 3737 726 3820 sibique
741 3737 998 3806 consecrationis
1015 3761 1141 3827 munus,
1159 3745 1272 3814 ascitis
1289 3747 1351 3816 tibi
1377 3749 1458 3819 duo·

328 3847 388 3913 bus
404 3845 457 3911 vel
473 3843 577 3911 tribus
592 3842 772 3931 Episcopis,
788 3844 1008 3931 impendendi,
1025 3868 1151 3916 necnon
1178 3859 1210 3918 et
1235 3857 1456 3926 contradicto-

328 3973 382 4020 res
399 3973 498 4039 super
513 3952 574 4019 hoc
591 3971 649 4036 per
664 3971 818 4018 censuras
844 3951 1095 4042 ecclesiasticas,
1121 3959 1346 4044 appellatione
1371 3974 1458 4052 post·

327 4061 445 4148 posita,
478 4057 700 4145 compescendi
726 4058 858 4143 plcuam
884 4065 916 4126 et
940 4057 1076 4126 liberam
1103 4065 1309 4135 concedimus
1342 4077 1456 4140 tenore

327 4166 525 4254 presentium
542 4171 746 4252 potestatam.
772 4163 891 4231 Datum
916 4165 1067 4251 Anaguie
1091 4169 1147 4235 Vl.
1174 4191 1279 4240 nouas
1306 4175 1456 4248 Octobris

327 4274 540 4344 Pontificatns
556 4272 657 4340 nostri
673 4291 758 4339 anuo
775 4274 890 4357 primo.

327 4471 467 4548 (Thoiusr.
480 4473 581 4528 vetera
593 4472 768 4526 Monumenta
780 4469 922 4522 slavorum
934 4471 1159 4525 Meridioualiurn
1169 4475 1308 4535 historiam
1319 4479 1458 4547 illustran-

811 4560 852 4624 tit
867 4561 928 4623 1¹2·
942 4560 971 4628 ¹·)
