3124 5194
576 322 738 420 Q

22 506 27 514 '
95 510 133 578 lis
147 513 262 596 nostri,
279 531 365 579 anuo
381 510 512 582 Domini
527 511 640 600 bi⁰00⁰
656 513 865 598 nonagesimo
876 513 1025 600 septimo,
1036 514 1135 582 tercio
1145 511 1221 581 idus

94 615 191 704 Junij,
207 618 316 706 Regni
331 625 441 690 autem
455 622 560 688 nostri
574 640 659 688 anno
674 619 819 706 septimo.

93 796 141 863 (ts
152 797 257 852 medati
269 795 336 853 ntln
348 799 446 854 Knauc
458 796 580 864 illusor,
592 799 709 866 usgyu
720 800 785 854 sion
799 800 851 852 111.
864 799 922 856 but.
935 799 995 854 ost.
1010 799 1028 851 1.
1047 795 1122 854 Llod
1134 796 1217 855 olibb

578 891 639 942 186.
648 902 685 942 sn.
699 888 739 957 a)

629 1623 704 1695 lut.
788 1635 791 1642 “

101 1823 187 1888 VIII.
207 1821 370 1912 Bouifdcz
383 1827 475 1910 pdpa
491 1821 594 1888 Pdtcrt
601 1823 832 1911 forcoccarcodc'
846 1824 984 1909 tanatos,
1001 1825 1135 1892 kiacvcat'
1150 1849 1222 1911 opa-

8 1945 9 1948 ’
475 1931 555 1998 latdc'
579 1932 728 1998 bsoboolc
749 1927 847 1998 1297.

198 2125 390 2194 Bonilaoius
407 2126 588 2213 Episcopus
604 2144 716 2194 servus
733 2147 897 2195 servornm
919 2126 993 2215 Doi,
1021 2128 1140 2195 dilecto
1157 2127 1224 2194 tilio

96 2234 189 2302 fratri
206 2236 307 2302 Petro
325 2235 437 2302 Electo
454 2234 653 2324 spalatensi,
668 2235 805 2302 salutem
822 2241 856 2303 ot
880 2235 1103 2320 Apostolioam
1128 2235 1223 2303 bono·

9 2386 10 2393 κ
96 2341 281 2410 dictionem.
300 2340 379 2408 (lum
396 2343 613 2410 Ecclesiarum
631 2343 773 2410 omnium
787 2345 944 2432 Romana,
959 2345 1099 2412 Domino
1121 2344 1225 2432 dispo·

7 2479 8 2488 *
97 2455 204 2532 nonio,
222 2453 267 2518 sit
282 2450 405 2517 Mater:
421 2452 469 2518 sic
486 2469 557 2517 cam
574 2471 707 2538 preesse
722 2457 852 2538 oportet
867 2453 901 2517 in
924 2451 1144 2520 sollicitudine
1154 2453 1225 2518 uni·

8 2543 9 2546 ¹
97 2559 207 2645 versis,
228 2557 399 2645 presertim
416 2558 492 2645 illis,
517 2580 579 2642 quc
606 2567 740 2644 possent
765 2579 806 2625 ex
831 2559 966 2627 diutinis
997 2560 1225 2628 vacationibus

0 2718 1 2723 η
97 2667 210 2749 gravia
226 2667 390 2733 incurrere
415 2664 629 2751 detrimonta;
655 2666 741 2752 quod
766 2667 946 2736 distributis
972 2667 1142 2735 affectibus
1165 2687 1225 2754 pro
1324 2759 1327 2764 Ι

0 2776 1 2789 ’
97 2773 253 2842 varietate
269 2793 417 2840 cusarum
434 2774 622 2859 specialiter
636 2773 787 2842 intendat
803 2795 861 2861 per
876 2773 1224 2860 creditcdiaponsatio·

98 2881 145 2947 nis
161 2881 305 2949 officium
322 2879 495 2950 commodis
510 2880 722 2970 singularum,
739 2901 782 2948 ne
797 2902 855 2968 por
872 2881 998 2967 aliquos
1015 2880 1135 2948 Diuina
1157 2879 1221 2947 Do·

100 3007 167 3056 mus
184 2989 391 3056 inobsoratos
408 2988 515 3056 aditus
531 2989 565 3054 in
582 2989 690 3075 gregis
700 2990 875 3076 perniciem
886 2988 954 3076 lupi
966 3009 1024 3074 pro
1034 2987 1226 3074 pastoribus,

100 3097 203 3164 autin
220 3104 345 3184 pestem
363 3094 569 3164 domesticam
590 3098 701 3164 hostes
726 3118 784 3183 pro
811 3095 992 3182 hospitibus
1019 3095 1226 3164 inducantur.

23 3225 29 3242 ·
99 3203 180 3272 Sans
197 3203 385 3288 Spalateusi
401 3204 554 3272 Ecclesia
569 3203 690 3272 dudum
706 3204 841 3273 viduata
855 3211 1005 3291 pastoro;
1025 3205 1103 3271 lioot
1129 3204 1163 3271 in
1188 3223 1228 3271 oa

100 3309 138 3377 dc
152 3310 275 3378 dilecto
291 3311 356 3378 filio
372 3313 497 3380 Jacobo
512 3313 748 3380 Archidiacono
764 3313 872 3399 ipsius
888 3312 1033 3380 Ecclesia
1049 3311 1147 3381 fucrit
1163 3312 1228 3379 clo·

100 3419 160 3486 ctio
176 3420 354 3501 celebrata,
371 3421 450 3504 quia
466 3429 575 3488 tamen
592 3421 677 3488 infra
692 3428 821 3507 tempus
836 3441 858 3488 a
874 3420 942 3487 iuro
959 3425 1116 3488 salutum
1140 3418 1227 3487 idom

100 3525 353 3596 Archidiaconus
369 3549 433 3597 non
451 3529 512 3594 tuit
527 3529 691 3612 negotium
717 3529 883 3596 electionis
909 3527 1092 3596 huiusmodi
1118 3545 1227 3612 prosc·

101 3640 210 3721 cutus;
227 3636 315 3704 dicta
331 3635 446 3702 electio
463 3635 597 3718 iuribus,
613 3638 642 3702 si
659 3655 721 3720 quc
738 3635 861 3720 babuit,
879 3635 987 3702 extitit
1013 3640 1164 3722 vacuata,
1196 3641 1229 3704 et

101 3741 327 3811 nichilominus
343 3742 547 3829 postmodum
557 3742 643 3811 idom
660 3741 919 3810 Archidiaoonus
936 3742 997 3826 ius,
1013 3744 1042 3811 si
1054 3741 1141 3828 quod
1152 3741 1228 3832 sibi,

102 3868 141 3916 cx
155 3849 313 3918 eloctione
329 3848 513 3918 huiusmodi
529 3851 741 3936 competebat,
752 3850 785 3916 in
798 3851 947 3918 manibus
958 3850 1155 3919 venerabilis
1165 3851 1229 3916 lra-

103 3955 157 4022 tris
173 3957 278 4024 nostri
293 3955 331 4025 G.
349 3955 502 4044 Episcopi
518 3956 699 4042 Sabicnsis,
717 3957 758 4024 de
781 3957 935 4026 mandato
951 3963 1062 4026 nostro
1086 3955 1230 4041 resigna·
1344 3967 1347 3976 “

103 4063 219 4133 tionem
235 4083 327 4132 suam
343 4063 539 4150 recipientis,
555 4063 657 4131 libore
673 4064 861 4147 resignavit.
878 4065 947 4132 Nos
958 4064 1067 4148 igitur,
1077 4062 1132 4148 qui
1142 4063 1231 4130 circa

104 4169 251 4240 viduatas
267 4171 433 4240 Ecclesias
449 4171 602 4241 continuo
625 4173 817 4241 attentionis
843 4173 944 4241 oculis
969 4171 1153 4259 vigilamus,
1177 4191 1229 4238 vo·

105 4278 205 4348 lentas
222 4276 326 4346 eidem
344 4278 501 4365 Ecclesie,
518 4299 559 4346 ns
575 4279 717 4366 dampna
733 4301 774 4348 ex
790 4281 890 4365 longa
912 4277 1082 4346 vacatione
1106 4274 1231 4345 subiret

106 4386 272 4454 salubriter
287 4384 468 4473 providero,
483 4392 516 4454 tc
531 4385 667 4456 fratrum
682 4385 816 4457 Ordinis
830 4387 990 4455 Minorum
999 4383 1230 4473 professorem,

106 4492 316 4578 Capellanum
331 4493 500 4562 carissimo
514 4493 550 4562 in
565 4495 671 4564 Gristo
686 4495 754 4564 lilio
769 4501 879 4564 nostra
899 4493 1004 4562 biario
1028 4493 1154 4578 Regino
1181 4491 1230 4560 si-

106 4601 194 4672 ciliae
209 4600 359 4688 Illustris,
372 4602 425 4670 cui
441 4601 482 4669 ds
497 4603 563 4670 vite
578 4602 752 4692 mundicia,
767 4601 938 4687 religionis
954 4601 1037 4691 aelo,
1053 4599 1229 4685 disciplina
