<?xml version="1.0" encoding="UTF-8"?>
<!DOCTYPE html PUBLIC "-//W3C//DTD XHTML 1.0 Transitional//EN"
    "http://www.w3.org/TR/xhtml1/DTD/xhtml1-transitional.dtd">
<html xmlns="http://www.w3.org/1999/xhtml" xml:lang="en" lang="en">
 <head>
  <title>
</title>
<meta http-equiv="Content-Type" content="text/html;charset=utf-8" />
  <meta name='ocr-system' content='tesseract 3.04.00' />
  <meta name='ocr-capabilities' content='ocr_page ocr_carea ocr_par ocr_line ocrx_word'/>
</head>
<body>
  <div class='ocr_page' id='page_1' title='image "./codexdiplomatic03wenzgoog_0143.png"; bbox 0 0 3132 5192; ppageno 0'>
   <div class='ocr_carea' id='block_1_1' title="bbox 580 284 731 381">
    <p class='ocr_par' dir='ltr' id='par_1_1' title="bbox 580 284 731 381">
     <span class='ocr_line' id='line_1_1' title="bbox 580 284 731 381; baseline -0.007 0"><span class='ocrx_word' id='word_1_1' title='bbox 580 284 731 381; x_wconf 46' lang='lat'><strong>39³,-</strong></span> 
     </span>
    </p>
   </div>
   <div class='ocr_carea' id='block_1_2' title="bbox 68 475 1213 4645">
    <p class='ocr_par' dir='ltr' id='par_1_2' title="bbox 68 475 1213 1942">
     <span class='ocr_line' id='line_1_2' title="bbox 71 475 1211 564; baseline 0.004 -21"><span class='ocrx_word' id='word_1_2' title='bbox 71 477 133 544; x_wconf 89' lang='lat' dir='ltr'><strong>rint</strong></span> <span class='ocrx_word' id='word_1_3' title='bbox 147 477 183 544; x_wconf 94' lang='lat' dir='ltr'><strong>in</strong></span> <span class='ocrx_word' id='word_1_4' title='bbox 197 477 288 543; x_wconf 90' lang='lat' dir='ltr'><strong>hanc</strong></span> <span class='ocrx_word' id='word_1_5' title='bbox 304 479 418 564; x_wconf 81' lang='lat' dir='ltr'><strong>riuum,</strong></span> <span class='ocrx_word' id='word_1_6' title='bbox 434 477 559 546; x_wconf 86' lang='lat' dir='ltr'><strong>scilicet</strong></span> <span class='ocrx_word' id='word_1_7' title='bbox 575 478 606 542; x_wconf 89' lang='lat' dir='ltr'><strong>in</strong></span> <span class='ocrx_word' id='word_1_8' title='bbox 635 475 887 562; x_wconf 81' lang='lat' dir='ltr'><strong>llomandiolsm,</strong></span> <span class='ocrx_word' id='word_1_9' title='bbox 904 477 1079 545; x_wconf 79' lang='lat' dir='ltr'><strong>biarchiam</strong></span> <span class='ocrx_word' id='word_1_10' title='bbox 1106 481 1211 548; x_wconf 83' lang='lat' dir='ltr'><strong>Anco-</strong></span> 
     </span>
     <span class='ocr_line' id='line_1_3' title="bbox 68 585 1213 673; baseline 0.005 -23"><span class='ocrx_word' id='word_1_11' title='bbox 68 606 118 671; x_wconf 86' lang='lat' dir='ltr'><strong>nc,</strong></span> <span class='ocrx_word' id='word_1_12' title='bbox 138 587 293 668; x_wconf 80' lang='lat' dir='ltr'>Regnum</span> <span class='ocrx_word' id='word_1_13' title='bbox 310 585 542 673; x_wconf 84' lang='lat' dir='ltr'><strong>Apostolicum,</strong></span> <span class='ocrx_word' id='word_1_14' title='bbox 559 606 616 652; x_wconf 89' lang='lat' dir='ltr'><strong>seu</strong></span> <span class='ocrx_word' id='word_1_15' title='bbox 633 604 689 670; x_wconf 88' lang='lat' dir='ltr'><strong>per</strong></span> <span class='ocrx_word' id='word_1_16' title='bbox 714 591 815 652; x_wconf 89' lang='lat' dir='ltr'><strong>totam</strong></span> <span class='ocrx_word' id='word_1_17' title='bbox 831 586 1003 672; x_wconf 86' lang='lat' dir='ltr'><strong>Apuleam,</strong></span> <span class='ocrx_word' id='word_1_18' title='bbox 1018 587 1104 672; x_wconf 89' lang='lat' dir='ltr'><strong>qnod</strong></span> <span class='ocrx_word' id='word_1_19' title='bbox 1129 588 1213 656; x_wconf 88' lang='lat' dir='ltr'><strong>dieti</strong></span> 
     </span>
     <span class='ocr_line' id='line_1_4' title="bbox 69 693 1211 776; baseline 0.005 -18"><span class='ocrx_word' id='word_1_20' title='bbox 69 694 236 776; x_wconf 88' lang='lat' dir='ltr'><strong>Ragnsini</strong></span> <span class='ocrx_word' id='word_1_21' title='bbox 254 695 386 762; x_wconf 90' lang='lat' dir='ltr'><strong>soluant</strong></span> <span class='ocrx_word' id='word_1_22' title='bbox 402 695 541 762; x_wconf 80' lang='lat' dir='ltr'>duanam</span> <span class='ocrx_word' id='word_1_23' title='bbox 559 693 726 760; x_wconf 80' lang='lat' dir='ltr'><strong>Communi</strong></span> <span class='ocrx_word' id='word_1_24' title='bbox 743 693 886 772; x_wconf 80' lang='lat' dir='ltr'><strong>Ancona,</strong></span> <span class='ocrx_word' id='word_1_25' title='bbox 903 694 1026 762; x_wconf 83' lang='lat' dir='ltr'><strong>scilieet</strong></span> <span class='ocrx_word' id='word_1_26' title='bbox 1050 697 1110 762; x_wconf 87' lang='lat' dir='ltr'><strong>Xh</strong></span> <span class='ocrx_word' id='word_1_27' title='bbox 1135 698 1211 764; x_wconf 93' lang='lat' dir='ltr'><strong>soli-</strong></span> 
     </span>
     <span class='ocr_line' id='line_1_5' title="bbox 70 799 1209 902; baseline 0.004 -37"><span class='ocrx_word' id='word_1_28' title='bbox 70 799 127 866; x_wconf 88' lang='lat' dir='ltr'><strong>dos</strong></span> <span class='ocrx_word' id='word_1_29' title='bbox 142 821 205 886; x_wconf 92' lang='lat' dir='ltr'><strong>pro</strong></span> <span class='ocrx_word' id='word_1_30' title='bbox 224 803 413 870; x_wconf 85' lang='lat' dir='ltr'><strong>centenario</strong></span> <span class='ocrx_word' id='word_1_31' title='bbox 429 802 499 868; x_wconf 85' lang='lat' dir='ltr'><strong>libr.</strong></span> <span class='ocrx_word' id='word_1_32' title='bbox 517 801 591 867; x_wconf 88' lang='lat' dir='ltr'><strong>den.</strong></span> <span class='ocrx_word' id='word_1_33' title='bbox 607 803 689 867; x_wconf 89' lang='lat' dir='ltr'><strong>Item</strong></span> <span class='ocrx_word' id='word_1_34' title='bbox 704 801 789 885; x_wconf 89' lang='lat' dir='ltr'><strong>quod</strong></span> <span class='ocrx_word' id='word_1_35' title='bbox 804 803 833 868; x_wconf 91' lang='lat' dir='ltr'><strong>si</strong></span> <span class='ocrx_word' id='word_1_36' title='bbox 857 801 1052 870; x_wconf 85' lang='lat' dir='ltr'><strong>Anconitsni</strong></span> <span class='ocrx_word' id='word_1_37' title='bbox 1076 823 1209 902; x_wconf 79' lang='lat' dir='ltr'><strong>genera·</strong></span> 
     </span>
     <span class='ocr_line' id='line_1_6' title="bbox 69 909 1213 995; baseline 0.004 -21"><span class='ocrx_word' id='word_1_38' title='bbox 69 910 141 974; x_wconf 86' lang='lat' dir='ltr'><strong>liter</strong></span> <span class='ocrx_word' id='word_1_39' title='bbox 157 911 375 995; x_wconf 83' lang='lat' dir='ltr'><strong>prohiberent</strong></span> <span class='ocrx_word' id='word_1_40' title='bbox 398 918 430 977; x_wconf 89' lang='lat' dir='ltr'><strong>et</strong></span> <span class='ocrx_word' id='word_1_41' title='bbox 444 910 644 995; x_wconf 83' lang='lat' dir='ltr'><strong>ordinarent,</strong></span> <span class='ocrx_word' id='word_1_42' title='bbox 672 910 759 994; x_wconf 90' lang='lat' dir='ltr'><strong>quod</strong></span> <span class='ocrx_word' id='word_1_43' title='bbox 784 910 892 978; x_wconf 91' lang='lat' dir='ltr'><strong>nullus</strong></span> <span class='ocrx_word' id='word_1_44' title='bbox 916 909 1056 981; x_wconf 87' lang='lat' dir='ltr'><strong>forensis</strong></span> <span class='ocrx_word' id='word_1_45' title='bbox 1094 913 1213 980; x_wconf 87' lang='lat' dir='ltr'><strong>debeat</strong></span> 
     </span>
     <span class='ocr_line' id='line_1_7' title="bbox 68 1016 1204 1104; baseline 0.004 -22"><span class='ocrx_word' id='word_1_46' title='bbox 68 1018 232 1101; x_wconf 85' lang='lat' dir='ltr'><strong>nauigare</strong></span> <span class='ocrx_word' id='word_1_47' title='bbox 250 1037 325 1084; x_wconf 90' lang='lat' dir='ltr'><strong>cum</strong></span> <span class='ocrx_word' id='word_1_48' title='bbox 342 1017 598 1084; x_wconf 87' lang='lat' dir='ltr'><strong>mercacionibus</strong></span> <span class='ocrx_word' id='word_1_49' title='bbox 614 1019 656 1084; x_wconf 91' lang='lat' dir='ltr'><strong>ab</strong></span> <span class='ocrx_word' id='word_1_50' title='bbox 682 1016 819 1084; x_wconf 81' lang='lat' dir='ltr'><strong>Ancona</strong></span> <span class='ocrx_word' id='word_1_51' title='bbox 844 1019 887 1084; x_wconf 90' lang='lat' dir='ltr'><strong>ad</strong></span> <span class='ocrx_word' id='word_1_52' title='bbox 913 1025 1020 1104; x_wconf 85' lang='lat' dir='ltr'><strong>partes</strong></span> <span class='ocrx_word' id='word_1_53' title='bbox 1046 1020 1204 1088; x_wconf 85' lang='lat' dir='ltr'><strong>Romania</strong></span> 
     </span>
     <span class='ocr_line' id='line_1_8' title="bbox 70 1123 1203 1212; baseline 0.004 -20"><span class='ocrx_word' id='word_1_54' title='bbox 70 1135 100 1192; x_wconf 85' lang='lat' dir='ltr'><strong>et</strong></span> <span class='ocrx_word' id='word_1_55' title='bbox 115 1125 302 1212; x_wconf 70' lang='lat' dir='ltr'><strong>levantis,</strong></span> <span class='ocrx_word' id='word_1_56' title='bbox 318 1133 351 1192; x_wconf 87' lang='lat' dir='ltr'><strong>et</strong></span> <span class='ocrx_word' id='word_1_57' title='bbox 367 1131 458 1192; x_wconf 85' lang='lat' dir='ltr'><strong>extra</strong></span> <span class='ocrx_word' id='word_1_58' title='bbox 475 1123 606 1192; x_wconf 82' lang='lat' dir='ltr'><strong>Callum</strong></span> <span class='ocrx_word' id='word_1_59' title='bbox 620 1149 627 1210; x_wconf 92' lang='lat'>;</span> <span class='ocrx_word' id='word_1_60' title='bbox 643 1144 703 1192; x_wconf 91' lang='lat' dir='ltr'><strong>nec</strong></span> <span class='ocrx_word' id='word_1_61' title='bbox 719 1124 804 1208; x_wconf 85' lang='lat' dir='ltr'><strong>qnod</strong></span> <span class='ocrx_word' id='word_1_62' title='bbox 822 1125 862 1192; x_wconf 92' lang='lat' dir='ltr'><strong>do</strong></span> <span class='ocrx_word' id='word_1_63' title='bbox 878 1125 958 1208; x_wconf 87' lang='lat' dir='ltr'><strong>ipsis</strong></span> <span class='ocrx_word' id='word_1_64' title='bbox 975 1127 1121 1212; x_wconf 80' lang='lat' dir='ltr'><strong>partibus</strong></span> <span class='ocrx_word' id='word_1_65' title='bbox 1137 1131 1203 1196; x_wconf 90' lang='lat' dir='ltr'><strong>nnl-</strong></span> 
     </span>
     <span class='ocr_line' id='line_1_9' title="bbox 68 1232 1205 1316; baseline 0.002 -16"><span class='ocrx_word' id='word_1_66' title='bbox 68 1235 120 1300; x_wconf 87' lang='lat' dir='ltr'><strong>lns</strong></span> <span class='ocrx_word' id='word_1_67' title='bbox 134 1233 283 1300; x_wconf 88' lang='lat' dir='ltr'><strong>forensis</strong></span> <span class='ocrx_word' id='word_1_68' title='bbox 298 1233 456 1316; x_wconf 84' lang='lat' dir='ltr'><strong>nauigare</strong></span> <span class='ocrx_word' id='word_1_69' title='bbox 473 1239 506 1298; x_wconf 87' lang='lat' dir='ltr'><strong>et</strong></span> <span class='ocrx_word' id='word_1_70' title='bbox 520 1233 630 1298; x_wconf 85' lang='lat' dir='ltr'><strong>venire</strong></span> <span class='ocrx_word' id='word_1_71' title='bbox 646 1233 813 1299; x_wconf 89' lang='lat' dir='ltr'><strong>Anconam</strong></span> <span class='ocrx_word' id='word_1_72' title='bbox 824 1232 942 1300; x_wconf 89' lang='lat' dir='ltr'><strong>debeat</strong></span> <span class='ocrx_word' id='word_1_73' title='bbox 952 1255 1024 1301; x_wconf 90' lang='lat' dir='ltr'><strong>cum</strong></span> <span class='ocrx_word' id='word_1_74' title='bbox 1036 1235 1205 1303; x_wconf 84' lang='lat' dir='ltr'><strong>mercacio-</strong></span> 
     </span>
     <span class='ocr_line' id='line_1_10' title="bbox 69 1337 1200 1426; baseline 0.005 -22"><span class='ocrx_word' id='word_1_75' title='bbox 69 1340 164 1406; x_wconf 91' lang='lat' dir='ltr'><strong>nibns</strong></span> <span class='ocrx_word' id='word_1_76' title='bbox 179 1341 332 1426; x_wconf 90' lang='lat' dir='ltr'><strong>ipsorum</strong></span> <span class='ocrx_word' id='word_1_77' title='bbox 347 1339 390 1406; x_wconf 90' lang='lat' dir='ltr'><strong>ad</strong></span> <span class='ocrx_word' id='word_1_78' title='bbox 405 1346 526 1406; x_wconf 85' lang='lat' dir='ltr'><strong>certam</strong></span> <span class='ocrx_word' id='word_1_79' title='bbox 543 1339 668 1425; x_wconf 89' lang='lat' dir='ltr'><strong>peciam</strong></span> <span class='ocrx_word' id='word_1_80' title='bbox 685 1337 736 1405; x_wconf 88' lang='lat' dir='ltr'><strong>vel</strong></span> <span class='ocrx_word' id='word_1_81' title='bbox 763 1359 835 1406; x_wconf 89' lang='lat' dir='ltr'><strong>cum</strong></span> <span class='ocrx_word' id='word_1_82' title='bbox 862 1345 949 1406; x_wconf 88' lang='lat' dir='ltr'><strong>certo</strong></span> <span class='ocrx_word' id='word_1_83' title='bbox 975 1340 1089 1425; x_wconf 86' lang='lat' dir='ltr'><strong>dacio;</strong></span> <span class='ocrx_word' id='word_1_84' title='bbox 1113 1344 1200 1426; x_wconf 88' lang='lat' dir='ltr'><strong>qnod</strong></span> 
     </span>
     <span class='ocr_line' id='line_1_11' title="bbox 69 1445 1205 1533; baseline 0.007 -21"><span class='ocrx_word' id='word_1_85' title='bbox 69 1455 142 1514; x_wconf 88' lang='lat' dir='ltr'><strong>tnnc</strong></span> <span class='ocrx_word' id='word_1_86' title='bbox 156 1447 325 1531; x_wconf 82' lang='lat' dir='ltr'><strong>Ragusini</strong></span> <span class='ocrx_word' id='word_1_87' title='bbox 340 1446 566 1514; x_wconf 80' lang='lat' dir='ltr'><strong>tractabuntur</strong></span> <span class='ocrx_word' id='word_1_88' title='bbox 583 1449 715 1514; x_wconf 80' lang='lat' dir='ltr'><strong>Aneone</strong></span> <span class='ocrx_word' id='word_1_89' title='bbox 731 1445 814 1513; x_wconf 89' lang='lat' dir='ltr'><strong>sicut</strong></span> <span class='ocrx_word' id='word_1_90' title='bbox 829 1445 878 1511; x_wconf 94' lang='lat' dir='ltr'><strong>illi</strong></span> <span class='ocrx_word' id='word_1_91' title='bbox 896 1445 1051 1533; x_wconf 79' lang='lat' dir='ltr'><strong>forenses,</strong></span> <span class='ocrx_word' id='word_1_92' title='bbox 1069 1449 1124 1532; x_wconf 84' lang='lat' dir='ltr'><strong>qui</strong></span> <span class='ocrx_word' id='word_1_93' title='bbox 1140 1470 1205 1520; x_wconf 86' lang='lat' dir='ltr'><strong>me·</strong></span> 
     </span>
     <span class='ocr_line' id='line_1_12' title="bbox 68 1552 1202 1641; baseline 0.004 -24"><span class='ocrx_word' id='word_1_94' title='bbox 68 1554 147 1620; x_wconf 90' lang='lat' dir='ltr'><strong>licre</strong></span> <span class='ocrx_word' id='word_1_95' title='bbox 163 1554 363 1620; x_wconf 89' lang='lat' dir='ltr'><strong>condicione</strong></span> <span class='ocrx_word' id='word_1_96' title='bbox 379 1553 613 1637; x_wconf 86' lang='lat' dir='ltr'><strong>tractabuntur,</strong></span> <span class='ocrx_word' id='word_1_97' title='bbox 630 1558 663 1618; x_wconf 89' lang='lat' dir='ltr'><strong>et</strong></span> <span class='ocrx_word' id='word_1_98' title='bbox 678 1553 764 1636; x_wconf 90' lang='lat' dir='ltr'><strong>qnod</strong></span> <span class='ocrx_word' id='word_1_99' title='bbox 780 1559 924 1638; x_wconf 88' lang='lat' dir='ltr'><strong>tempore</strong></span> <span class='ocrx_word' id='word_1_100' title='bbox 949 1552 1035 1621; x_wconf 85' lang='lat' dir='ltr'><strong>dicte</strong></span> <span class='ocrx_word' id='word_1_101' title='bbox 1059 1555 1202 1641; x_wconf 90' lang='lat' dir='ltr'><strong>prohihi-</strong></span> 
     </span>
     <span class='ocr_line' id='line_1_13' title="bbox 69 1658 1203 1744; baseline 0 -18"><span class='ocrx_word' id='word_1_102' title='bbox 69 1661 172 1727; x_wconf 90' lang='lat' dir='ltr'><strong>oionis</strong></span> <span class='ocrx_word' id='word_1_103' title='bbox 189 1667 224 1727; x_wconf 84' lang='lat' dir='ltr'><strong>et</strong></span> <span class='ocrx_word' id='word_1_104' title='bbox 240 1659 460 1726; x_wconf 77' lang='lat' dir='ltr'><strong>ordinacionis</strong></span> <span class='ocrx_word' id='word_1_105' title='bbox 476 1678 534 1743; x_wconf 90' lang='lat' dir='ltr'><strong>per</strong></span> <span class='ocrx_word' id='word_1_106' title='bbox 550 1659 726 1726; x_wconf 83' lang='lat' dir='ltr'><strong>Commune</strong></span> <span class='ocrx_word' id='word_1_107' title='bbox 742 1658 875 1724; x_wconf 89' lang='lat' dir='ltr'><strong>Ancone</strong></span> <span class='ocrx_word' id='word_1_108' title='bbox 901 1659 1137 1744; x_wconf 81' lang='lat' dir='ltr'><strong>significabitur</strong></span> <span class='ocrx_word' id='word_1_109' title='bbox 1162 1660 1203 1726; x_wconf 88' lang='lat' dir='ltr'><strong>de</strong></span> 
     </span>
     <span class='ocr_line' id='line_1_14' title="bbox 68 1763 1201 1852; baseline 0.003 -21"><span class='ocrx_word' id='word_1_110' title='bbox 68 1767 153 1834; x_wconf 85' lang='lat' dir='ltr'><strong>dicta</strong></span> <span class='ocrx_word' id='word_1_111' title='bbox 162 1765 381 1834; x_wconf 86' lang='lat' dir='ltr'><strong>ordinacione</strong></span> <span class='ocrx_word' id='word_1_112' title='bbox 391 1772 422 1832; x_wconf 88' lang='lat' dir='ltr'><strong>et</strong></span> <span class='ocrx_word' id='word_1_113' title='bbox 438 1765 658 1851; x_wconf 80' lang='lat' dir='ltr'><strong>prohibicione</strong></span> <span class='ocrx_word' id='word_1_114' title='bbox 675 1763 845 1834; x_wconf 77' lang='lat' dir='ltr'><strong>Communi</strong></span> <span class='ocrx_word' id='word_1_115' title='bbox 861 1768 996 1850; x_wconf 82' lang='lat' dir='ltr'><strong>Ragnsii</strong></span> <span class='ocrx_word' id='word_1_116' title='bbox 1006 1785 1066 1852; x_wconf 90' lang='lat' dir='ltr'><strong>per</strong></span> <span class='ocrx_word' id='word_1_117' title='bbox 1075 1767 1201 1837; x_wconf 88' lang='lat' dir='ltr'><strong>litteras</strong></span> 
     </span>
     <span class='ocr_line' id='line_1_15' title="bbox 72 1873 421 1942; baseline -0.006 -2"><span class='ocrx_word' id='word_1_118' title='bbox 72 1875 263 1942; x_wconf 88' lang='lat' dir='ltr'><strong>Communis</strong></span> <span class='ocrx_word' id='word_1_119' title='bbox 280 1873 421 1940; x_wconf 82' lang='lat' dir='ltr'><strong>Ancona.</strong></span> 
     </span>
    </p>

    <p class='ocr_par' dir='ltr' id='par_1_3' title="bbox 177 1977 763 2068">
     <span class='ocr_line' id='line_1_16' title="bbox 177 1977 763 2068; baseline -0.003 -22"><span class='ocrx_word' id='word_1_120' title='bbox 177 1979 224 2068; x_wconf 80' lang='lat' dir='ltr'><strong>(A</strong></span> <span class='ocrx_word' id='word_1_121' title='bbox 252 1978 504 2062; x_wconf 83' lang='lat' dir='ltr'><strong>raguzsiak</strong></span> <span class='ocrx_word' id='word_1_122' title='bbox 529 1977 763 2066; x_wconf 75' lang='lat' dir='ltr'><strong>resuerdl.)</strong></span> 
     </span>
    </p>

    <p class='ocr_par' dir='ltr' id='par_1_4' title="bbox 69 2087 1202 4645">
     <span class='ocr_line' id='line_1_17' title="bbox 171 2087 1194 2177; baseline 0.001 -22"><span class='ocrx_word' id='word_1_123' title='bbox 171 2088 271 2166; x_wconf 84' lang='lat' dir='ltr'><strong>Quod</strong></span> <span class='ocrx_word' id='word_1_124' title='bbox 288 2107 399 2155; x_wconf 88' lang='lat' dir='ltr'><strong>omnes</strong></span> <span class='ocrx_word' id='word_1_125' title='bbox 415 2092 446 2154; x_wconf 90' lang='lat' dir='ltr'><strong>et</strong></span> <span class='ocrx_word' id='word_1_126' title='bbox 463 2087 785 2170; x_wconf 83' lang='lat' dir='ltr'><strong>singuhAnoonitani</strong></span> <span class='ocrx_word' id='word_1_127' title='bbox 796 2087 868 2153; x_wconf 91' lang='lat' dir='ltr'><strong>sani</strong></span> <span class='ocrx_word' id='word_1_128' title='bbox 884 2094 917 2154; x_wconf 90' lang='lat' dir='ltr'><strong>et</strong></span> <span class='ocrx_word' id='word_1_129' title='bbox 935 2089 1097 2177; x_wconf 77' lang='lat' dir='ltr'><strong>naufragi,</strong></span> <span class='ocrx_word' id='word_1_130' title='bbox 1108 2091 1194 2173; x_wconf 89' lang='lat' dir='ltr'><strong>quod</strong></span> 
     </span>
     <span class='ocr_line' id='line_1_18' title="bbox 70 2191 1199 2284; baseline 0.004 -24"><span class='ocrx_word' id='word_1_131' title='bbox 70 2197 154 2262; x_wconf 88' lang='lat' dir='ltr'><strong>Deus</strong></span> <span class='ocrx_word' id='word_1_132' title='bbox 170 2199 313 2279; x_wconf 83' lang='lat' dir='ltr'><strong>auertat,</strong></span> <span class='ocrx_word' id='word_1_133' title='bbox 330 2196 454 2279; x_wconf 80' lang='lat' dir='ltr'><strong>possint</strong></span> <span class='ocrx_word' id='word_1_134' title='bbox 470 2199 502 2259; x_wconf 92' lang='lat' dir='ltr'><strong>et</strong></span> <span class='ocrx_word' id='word_1_135' title='bbox 517 2191 649 2259; x_wconf 84' lang='lat' dir='ltr'><strong>valcant</strong></span> <span class='ocrx_word' id='word_1_136' title='bbox 659 2193 716 2278; x_wconf 92' lang='lat' dir='ltr'><strong>ire,</strong></span> <span class='ocrx_word' id='word_1_137' title='bbox 733 2198 821 2258; x_wconf 87' lang='lat' dir='ltr'><strong>stare</strong></span> <span class='ocrx_word' id='word_1_138' title='bbox 832 2191 865 2257; x_wconf 95' lang='lat' dir='ltr'><strong>in</strong></span> <span class='ocrx_word' id='word_1_139' title='bbox 876 2194 1052 2276; x_wconf 86' lang='lat' dir='ltr'><strong>quemlibet</strong></span> <span class='ocrx_word' id='word_1_140' title='bbox 1075 2205 1199 2284; x_wconf 79' lang='lat' dir='ltr'><strong>portum</strong></span> 
     </span>
     <span class='ocr_line' id='line_1_19' title="bbox 69 2297 1195 2390; baseline -0.002 -18"><span class='ocrx_word' id='word_1_141' title='bbox 69 2303 212 2390; x_wconf 78' lang='lat' dir='ltr'><strong>Regusii,</strong></span> <span class='ocrx_word' id='word_1_142' title='bbox 231 2310 265 2370; x_wconf 88' lang='lat' dir='ltr'><strong>et</strong></span> <span class='ocrx_word' id='word_1_143' title='bbox 280 2301 369 2386; x_wconf 87' lang='lat' dir='ltr'><strong>apud</strong></span> <span class='ocrx_word' id='word_1_144' title='bbox 387 2300 574 2384; x_wconf 79' lang='lat' dir='ltr'><strong>Ragusium,</strong></span> <span class='ocrx_word' id='word_1_145' title='bbox 592 2305 693 2364; x_wconf 90' lang='lat' dir='ltr'><strong>totum</strong></span> <span class='ocrx_word' id='word_1_146' title='bbox 711 2297 911 2386; x_wconf 87' lang='lat' dir='ltr'><strong>Districtum,</strong></span> <span class='ocrx_word' id='word_1_147' title='bbox 929 2309 996 2368; x_wconf 88' lang='lat' dir='ltr'><strong>tam</strong></span> <span class='ocrx_word' id='word_1_148' title='bbox 1012 2321 1070 2388; x_wconf 90' lang='lat' dir='ltr'><strong>per</strong></span> <span class='ocrx_word' id='word_1_149' title='bbox 1095 2323 1195 2388; x_wconf 90' lang='lat' dir='ltr'><strong>mare,</strong></span> 
     </span>
     <span class='ocr_line' id='line_1_20' title="bbox 72 2405 1202 2495; baseline 0 -19"><span class='ocrx_word' id='word_1_150' title='bbox 72 2431 163 2492; x_wconf 82' lang='lat' dir='ltr'><strong>qnam</strong></span> <span class='ocrx_word' id='word_1_151' title='bbox 179 2431 241 2495; x_wconf 91' lang='lat' dir='ltr'><strong>per</strong></span> <span class='ocrx_word' id='word_1_152' title='bbox 268 2418 397 2494; x_wconf 88' lang='lat' dir='ltr'><strong>terram,</strong></span> <span class='ocrx_word' id='word_1_153' title='bbox 414 2409 514 2476; x_wconf 91' lang='lat' dir='ltr'><strong>libere</strong></span> <span class='ocrx_word' id='word_1_154' title='bbox 539 2414 571 2473; x_wconf 91' lang='lat' dir='ltr'><strong>et</strong></span> <span class='ocrx_word' id='word_1_155' title='bbox 595 2405 755 2492; x_wconf 89' lang='lat' dir='ltr'><strong>absolute,</strong></span> <span class='ocrx_word' id='word_1_156' title='bbox 780 2427 851 2473; x_wconf 90' lang='lat' dir='ltr'><strong>cum</strong></span> <span class='ocrx_word' id='word_1_157' title='bbox 877 2407 1024 2475; x_wconf 89' lang='lat' dir='ltr'><strong>omnibus</strong></span> <span class='ocrx_word' id='word_1_158' title='bbox 1049 2410 1144 2478; x_wconf 88' lang='lat' dir='ltr'><strong>rebns</strong></span> <span class='ocrx_word' id='word_1_159' title='bbox 1169 2419 1202 2476; x_wconf 87' lang='lat' dir='ltr'><strong>et</strong></span> 
     </span>
     <span class='ocr_line' id='line_1_21' title="bbox 70 2514 1199 2604; baseline 0.003 -23"><span class='ocrx_word' id='word_1_160' title='bbox 70 2518 345 2602; x_wconf 86' lang='lat' dir='ltr'><strong>mercacionibus,</strong></span> <span class='ocrx_word' id='word_1_161' title='bbox 371 2517 411 2582; x_wconf 90' lang='lat' dir='ltr'><strong>de</strong></span> <span class='ocrx_word' id='word_1_162' title='bbox 442 2517 686 2600; x_wconf 82' lang='lat' dir='ltr'><strong>quibuscunque</strong></span> <span class='ocrx_word' id='word_1_163' title='bbox 711 2517 791 2582; x_wconf 89' lang='lat' dir='ltr'><strong>locis</strong></span> <span class='ocrx_word' id='word_1_164' title='bbox 826 2514 970 2584; x_wconf 84' lang='lat' dir='ltr'><strong>deferent</strong></span> <span class='ocrx_word' id='word_1_165' title='bbox 994 2536 1051 2584; x_wconf 87' lang='lat' dir='ltr'><strong>seu</strong></span> <span class='ocrx_word' id='word_1_166' title='bbox 1077 2520 1199 2604; x_wconf 86' lang='lat' dir='ltr'><strong>portari</strong></span> 
     </span>
     <span class='ocr_line' id='line_1_22' title="bbox 70 2624 1196 2710; baseline 0.002 -20"><span class='ocrx_word' id='word_1_167' title='bbox 70 2625 205 2707; x_wconf 78' lang='lat' dir='ltr'><strong>l&#39;aoient3</strong></span> <span class='ocrx_word' id='word_1_168' title='bbox 226 2635 259 2692; x_wconf 88' lang='lat' dir='ltr'><strong>et</strong></span> <span class='ocrx_word' id='word_1_169' title='bbox 275 2625 366 2710; x_wconf 90' lang='lat' dir='ltr'><strong>ipsas</strong></span> <span class='ocrx_word' id='word_1_170' title='bbox 381 2626 601 2691; x_wconf 88' lang='lat' dir='ltr'><strong>mercaciones</strong></span> <span class='ocrx_word' id='word_1_171' title='bbox 617 2624 752 2708; x_wconf 79' lang='lat' dir='ltr'><strong>Ragusii</strong></span> <span class='ocrx_word' id='word_1_172' title='bbox 778 2631 812 2690; x_wconf 88' lang='lat' dir='ltr'><strong>et</strong></span> <span class='ocrx_word' id='word_1_173' title='bbox 836 2624 904 2690; x_wconf 89' lang='lat' dir='ltr'><strong>cius</strong></span> <span class='ocrx_word' id='word_1_174' title='bbox 927 2624 1099 2692; x_wconf 87' lang='lat' dir='ltr'><strong>Districtus</strong></span> <span class='ocrx_word' id='word_1_175' title='bbox 1123 2647 1196 2693; x_wconf 89' lang='lat' dir='ltr'><strong>ven-</strong></span> 
     </span>
     <span class='ocr_line' id='line_1_23' title="bbox 76 2729 1197 2820; baseline 0.004 -26"><span class='ocrx_word' id='word_1_176' title='bbox 76 2733 158 2820; x_wconf 85' lang='lat' dir='ltr'><strong>dere,</strong></span> <span class='ocrx_word' id='word_1_177' title='bbox 175 2732 358 2816; x_wconf 84' lang='lat' dir='ltr'><strong>Ragusinis</strong></span> <span class='ocrx_word' id='word_1_178' title='bbox 374 2740 494 2817; x_wconf 69' lang='lat' dir='ltr'><strong>tamem</strong></span> <span class='ocrx_word' id='word_1_179' title='bbox 512 2731 562 2797; x_wconf 89' lang='lat' dir='ltr'><strong>vel</strong></span> <span class='ocrx_word' id='word_1_180' title='bbox 579 2729 655 2796; x_wconf 91' lang='lat' dir='ltr'><strong>inde</strong></span> <span class='ocrx_word' id='word_1_181' title='bbox 665 2731 833 2798; x_wconf 85' lang='lat' dir='ltr'><strong>extrahere</strong></span> <span class='ocrx_word' id='word_1_182' title='bbox 848 2739 880 2797; x_wconf 90' lang='lat' dir='ltr'><strong>et</strong></span> <span class='ocrx_word' id='word_1_183' title='bbox 900 2731 1015 2819; x_wconf 86' lang='lat' dir='ltr'><strong>redire,</strong></span> <span class='ocrx_word' id='word_1_184' title='bbox 1030 2752 1071 2798; x_wconf 89' lang='lat' dir='ltr'><strong>ao</strong></span> <span class='ocrx_word' id='word_1_185' title='bbox 1095 2734 1197 2800; x_wconf 87' lang='lat' dir='ltr'><strong>eciam</strong></span> 
     </span>
     <span class='ocr_line' id='line_1_24' title="bbox 72 2836 1196 2926; baseline 0.004 -25"><span class='ocrx_word' id='word_1_186' title='bbox 72 2858 171 2906; x_wconf 87' lang='lat' dir='ltr'><strong>emere</strong></span> <span class='ocrx_word' id='word_1_187' title='bbox 187 2842 261 2908; x_wconf 91' lang='lat' dir='ltr'><strong>sine</strong></span> <span class='ocrx_word' id='word_1_188' title='bbox 277 2839 387 2923; x_wconf 86' lang='lat' dir='ltr'><strong>aliquo</strong></span> <span class='ocrx_word' id='word_1_189' title='bbox 404 2838 497 2904; x_wconf 88' lang='lat' dir='ltr'><strong>dacio</strong></span> <span class='ocrx_word' id='word_1_190' title='bbox 512 2836 669 2906; x_wconf 90' lang='lat' dir='ltr'><strong>soluendo</strong></span> <span class='ocrx_word' id='word_1_191' title='bbox 685 2858 706 2903; x_wconf 90' lang='lat' dir='ltr'><strong>a</strong></span> <span class='ocrx_word' id='word_1_192' title='bbox 721 2837 819 2903; x_wconf 88' lang='lat' dir='ltr'><strong>dictis</strong></span> <span class='ocrx_word' id='word_1_193' title='bbox 844 2837 1066 2924; x_wconf 71' lang='lat' dir='ltr'><strong>Arcesilaum,</strong></span> <span class='ocrx_word' id='word_1_194' title='bbox 1091 2861 1196 2926; x_wconf 84' lang='lat' dir='ltr'><strong>neque</strong></span> 
     </span>
     <span class='ocr_line' id='line_1_25' title="bbox 71 2944 1192 3030; baseline 0.005 -20"><span class='ocrx_word' id='word_1_195' title='bbox 71 2945 107 3010; x_wconf 85' lang='lat' dir='ltr'><strong>ab</strong></span> <span class='ocrx_word' id='word_1_196' title='bbox 123 2945 190 3012; x_wconf 92' lang='lat' dir='ltr'><strong>illis</strong></span> <span class='ocrx_word' id='word_1_197' title='bbox 208 2946 250 3012; x_wconf 90' lang='lat' dir='ltr'><strong>de</strong></span> <span class='ocrx_word' id='word_1_198' title='bbox 266 2947 419 3030; x_wconf 79' lang='lat' dir='ltr'><strong>Ragnsio,</strong></span> <span class='ocrx_word' id='word_1_199' title='bbox 436 2947 491 3029; x_wconf 91' lang='lat' dir='ltr'><strong>qui</strong></span> <span class='ocrx_word' id='word_1_200' title='bbox 508 2951 651 3011; x_wconf 88' lang='lat' dir='ltr'><strong>emerent</strong></span> <span class='ocrx_word' id='word_1_201' title='bbox 666 2947 708 3010; x_wconf 90' lang='lat' dir='ltr'><strong>ab</strong></span> <span class='ocrx_word' id='word_1_202' title='bbox 724 2945 806 3028; x_wconf 88' lang='lat' dir='ltr'><strong>ipsis</strong></span> <span class='ocrx_word' id='word_1_203' title='bbox 822 2944 863 3010; x_wconf 91' lang='lat' dir='ltr'><strong>de</strong></span> <span class='ocrx_word' id='word_1_204' title='bbox 879 2946 1024 3014; x_wconf 85' lang='lat' dir='ltr'><strong>Ancona.</strong></span> <span class='ocrx_word' id='word_1_205' title='bbox 1050 2947 1108 3014; x_wconf 83' lang='lat' dir='ltr'><strong>Sin</strong></span> <span class='ocrx_word' id='word_1_206' title='bbox 1135 2968 1192 3017; x_wconf 89' lang='lat' dir='ltr'><strong>au-</strong></span> 
     </span>
     <span class='ocr_line' id='line_1_26' title="bbox 72 3053 1195 3138; baseline 0.005 -23"><span class='ocrx_word' id='word_1_207' title='bbox 72 3059 129 3116; x_wconf 87' lang='lat' dir='ltr'><strong>tem</strong></span> <span class='ocrx_word' id='word_1_208' title='bbox 156 3055 294 3138; x_wconf 89' lang='lat' dir='ltr'><strong>predicti</strong></span> <span class='ocrx_word' id='word_1_209' title='bbox 320 3055 514 3120; x_wconf 83' lang='lat' dir='ltr'><strong>Anconitani</strong></span> <span class='ocrx_word' id='word_1_210' title='bbox 536 3055 677 3138; x_wconf 88' lang='lat' dir='ltr'><strong>prefatas</strong></span> <span class='ocrx_word' id='word_1_211' title='bbox 710 3053 929 3120; x_wconf 86' lang='lat' dir='ltr'><strong>mercaciones</strong></span> <span class='ocrx_word' id='word_1_212' title='bbox 962 3053 1195 3123; x_wconf 86' lang='lat' dir='ltr'><strong>discaricarent</strong></span> 
     </span>
     <span class='ocr_line' id='line_1_27' title="bbox 72 3160 1190 3246; baseline 0.008 -24"><span class='ocrx_word' id='word_1_213' title='bbox 72 3161 207 3245; x_wconf 83' lang='lat' dir='ltr'><strong>llagnsii,</strong></span> <span class='ocrx_word' id='word_1_214' title='bbox 224 3162 395 3228; x_wconf 84' lang='lat' dir='ltr'><strong>extrahere</strong></span> <span class='ocrx_word' id='word_1_215' title='bbox 411 3160 532 3228; x_wconf 87' lang='lat' dir='ltr'><strong>vellent</strong></span> <span class='ocrx_word' id='word_1_216' title='bbox 549 3169 639 3227; x_wconf 86' lang='lat' dir='ltr'><strong>extra</strong></span> <span class='ocrx_word' id='word_1_217' title='bbox 658 3161 791 3245; x_wconf 81' lang='lat' dir='ltr'><strong>Ragusij</strong></span> <span class='ocrx_word' id='word_1_218' title='bbox 810 3169 941 3246; x_wconf 88' lang='lat' dir='ltr'><strong>terram,</strong></span> <span class='ocrx_word' id='word_1_219' title='bbox 959 3161 1090 3229; x_wconf 88' lang='lat' dir='ltr'><strong>solnanl</strong></span> <span class='ocrx_word' id='word_1_220' title='bbox 1114 3163 1190 3230; x_wconf 89' lang='lat' dir='ltr'><strong>dna·</strong></span> 
     </span>
     <span class='ocr_line' id='line_1_28' title="bbox 72 3266 1191 3351; baseline 0.006 -22"><span class='ocrx_word' id='word_1_221' title='bbox 72 3286 140 3332; x_wconf 82' lang='lat' dir='ltr'><strong>nuru</strong></span> <span class='ocrx_word' id='word_1_222' title='bbox 156 3268 327 3336; x_wconf 86' lang='lat' dir='ltr'><strong>Communi</strong></span> <span class='ocrx_word' id='word_1_223' title='bbox 342 3269 478 3351; x_wconf 83' lang='lat' dir='ltr'><strong>Regnsii</strong></span> <span class='ocrx_word' id='word_1_224' title='bbox 494 3268 552 3333; x_wconf 91' lang='lat' dir='ltr'><strong>XL</strong></span> <span class='ocrx_word' id='word_1_225' title='bbox 578 3266 698 3334; x_wconf 90' lang='lat' dir='ltr'><strong>solidos</strong></span> <span class='ocrx_word' id='word_1_226' title='bbox 724 3287 782 3351; x_wconf 91' lang='lat' dir='ltr'><strong>pro</strong></span> <span class='ocrx_word' id='word_1_227' title='bbox 807 3268 994 3334; x_wconf 89' lang='lat' dir='ltr'><strong>centenario</strong></span> <span class='ocrx_word' id='word_1_228' title='bbox 1019 3269 1091 3335; x_wconf 92' lang='lat' dir='ltr'><strong>libr.</strong></span> <span class='ocrx_word' id='word_1_229' title='bbox 1118 3269 1191 3338; x_wconf 90' lang='lat' dir='ltr'><strong>den.</strong></span> 
     </span>
     <span class='ocr_line' id='line_1_29' title="bbox 72 3373 1190 3460; baseline 0.004 -22"><span class='ocrx_word' id='word_1_230' title='bbox 72 3374 101 3438; x_wconf 84' lang='lat' dir='ltr'><strong>Si</strong></span> <span class='ocrx_word' id='word_1_231' title='bbox 118 3393 190 3441; x_wconf 86' lang='lat' dir='ltr'><strong>nero</strong></span> <span class='ocrx_word' id='word_1_232' title='bbox 206 3397 268 3460; x_wconf 87' lang='lat' dir='ltr'><strong>per</strong></span> <span class='ocrx_word' id='word_1_233' title='bbox 285 3395 373 3440; x_wconf 88' lang='lat' dir='ltr'><strong>mare</strong></span> <span class='ocrx_word' id='word_1_234' title='bbox 388 3376 560 3442; x_wconf 84' lang='lat' dir='ltr'><strong>extrahere</strong></span> <span class='ocrx_word' id='word_1_235' title='bbox 576 3374 747 3460; x_wconf 90' lang='lat' dir='ltr'><strong>voluerint,</strong></span> <span class='ocrx_word' id='word_1_236' title='bbox 763 3373 863 3440; x_wconf 88' lang='lat' dir='ltr'><strong>liceat</strong></span> <span class='ocrx_word' id='word_1_237' title='bbox 877 3375 1032 3459; x_wconf 84' lang='lat' dir='ltr'><strong>predictis</strong></span> <span class='ocrx_word' id='word_1_238' title='bbox 1060 3376 1099 3442; x_wconf 90' lang='lat' dir='ltr'><strong>de</strong></span> <span class='ocrx_word' id='word_1_239' title='bbox 1124 3377 1190 3442; x_wconf 87' lang='lat' dir='ltr'><strong>An·</strong></span> 
     </span>
     <span class='ocr_line' id='line_1_30' title="bbox 74 3481 1194 3566; baseline 0.009 -24"><span class='ocrx_word' id='word_1_240' title='bbox 74 3499 147 3547; x_wconf 88' lang='lat' dir='ltr'><strong>cona</strong></span> <span class='ocrx_word' id='word_1_241' title='bbox 163 3503 236 3550; x_wconf 88' lang='lat' dir='ltr'><strong>cum</strong></span> <span class='ocrx_word' id='word_1_242' title='bbox 252 3485 363 3566; x_wconf 82' lang='lat' dir='ltr'><strong>Ragus</strong></span> <span class='ocrx_word' id='word_1_243' title='bbox 382 3517 721 3532; x_wconf 80' lang='lat'><em>------</em></span> <span class='ocrx_word' id='word_1_244' title='bbox 738 3482 814 3566; x_wconf 89' lang='lat' dir='ltr'><strong>alijs</strong></span> <span class='ocrx_word' id='word_1_245' title='bbox 830 3481 1013 3550; x_wconf 82' lang='lat' dir='ltr'><strong>forensibus</strong></span> <span class='ocrx_word' id='word_1_246' title='bbox 1030 3502 1099 3549; x_wconf 91' lang='lat' dir='ltr'><strong>cum</strong></span> <span class='ocrx_word' id='word_1_247' title='bbox 1125 3489 1194 3552; x_wconf 88' lang='lat' dir='ltr'><strong>suis</strong></span> 
     </span>
     <span class='ocr_line' id='line_1_31' title="bbox 73 3590 1193 3676; baseline 0.007 -26"><span class='ocrx_word' id='word_1_248' title='bbox 73 3591 321 3656; x_wconf 85' lang='lat' dir='ltr'><strong>mercacionibus</strong></span> <span class='ocrx_word' id='word_1_249' title='bbox 352 3590 457 3656; x_wconf 87' lang='lat' dir='ltr'><strong>redire</strong></span> <span class='ocrx_word' id='word_1_250' title='bbox 483 3597 514 3656; x_wconf 90' lang='lat' dir='ltr'><strong>ct</strong></span> <span class='ocrx_word' id='word_1_251' title='bbox 539 3609 597 3656; x_wconf 89' lang='lat' dir='ltr'><strong>eas</strong></span> <span class='ocrx_word' id='word_1_252' title='bbox 621 3590 792 3657; x_wconf 83' lang='lat' dir='ltr'><strong>extrahere</strong></span> <span class='ocrx_word' id='word_1_253' title='bbox 818 3597 910 3657; x_wconf 83' lang='lat' dir='ltr'><strong>extra</strong></span> <span class='ocrx_word' id='word_1_254' title='bbox 944 3590 1132 3676; x_wconf 84' lang='lat' dir='ltr'><strong>Ragusium,</strong></span> <span class='ocrx_word' id='word_1_255' title='bbox 1161 3600 1193 3658; x_wconf 89' lang='lat' dir='ltr'><strong>ot</strong></span> 
     </span>
     <span class='ocr_line' id='line_1_32' title="bbox 75 3694 1192 3783; baseline 0.008 -26"><span class='ocrx_word' id='word_1_256' title='bbox 75 3705 196 3777; x_wconf 80' lang='lat' dir='ltr'><strong>portare</strong></span> <span class='ocrx_word' id='word_1_257' title='bbox 223 3717 414 3780; x_wconf 85' lang='lat' dir='ltr'><strong>quocunque</strong></span> <span class='ocrx_word' id='word_1_258' title='bbox 444 3698 602 3764; x_wconf 88' lang='lat' dir='ltr'><strong>voluerint</strong></span> <span class='ocrx_word' id='word_1_259' title='bbox 626 3696 726 3764; x_wconf 90' lang='lat' dir='ltr'><strong>libere</strong></span> <span class='ocrx_word' id='word_1_260' title='bbox 752 3703 784 3762; x_wconf 87' lang='lat' dir='ltr'><strong>et</strong></span> <span class='ocrx_word' id='word_1_261' title='bbox 808 3694 959 3762; x_wconf 88' lang='lat' dir='ltr'><strong>absolute</strong></span> <span class='ocrx_word' id='word_1_262' title='bbox 984 3698 1056 3764; x_wconf 90' lang='lat' dir='ltr'><strong>sine</strong></span> <span class='ocrx_word' id='word_1_263' title='bbox 1081 3698 1192 3783; x_wconf 87' lang='lat' dir='ltr'><strong>aliquo</strong></span> 
     </span>
     <span class='ocr_line' id='line_1_33' title="bbox 79 3800 1192 3891; baseline 0.006 -26"><span class='ocrx_word' id='word_1_264' title='bbox 79 3800 173 3886; x_wconf 89' lang='lat' dir='ltr'><strong>dacio,</strong></span> <span class='ocrx_word' id='word_1_265' title='bbox 190 3811 327 3891; x_wconf 84' lang='lat' dir='ltr'><strong>excepto</strong></span> <span class='ocrx_word' id='word_1_266' title='bbox 343 3806 430 3888; x_wconf 84' lang='lat' dir='ltr'><strong>quod</strong></span> <span class='ocrx_word' id='word_1_267' title='bbox 446 3806 473 3870; x_wconf 90' lang='lat' dir='ltr'><strong>si</strong></span> <span class='ocrx_word' id='word_1_268' title='bbox 490 3804 682 3872; x_wconf 84' lang='lat' dir='ltr'><strong>Anconitani</strong></span> <span class='ocrx_word' id='word_1_269' title='bbox 700 3805 863 3890; x_wconf 89' lang='lat' dir='ltr'><strong>predictas</strong></span> <span class='ocrx_word' id='word_1_270' title='bbox 888 3807 1105 3874; x_wconf 87' lang='lat' dir='ltr'><strong>mercaciones</strong></span> <span class='ocrx_word' id='word_1_271' title='bbox 1121 3828 1192 3891; x_wconf 91' lang='lat' dir='ltr'><strong>por-</strong></span> 
     </span>
     <span class='ocr_line' id='line_1_34' title="bbox 75 3911 1190 4000; baseline 0.006 -29"><span class='ocrx_word' id='word_1_272' title='bbox 75 3911 204 3979; x_wconf 87' lang='lat' dir='ltr'><strong>tauerint</strong></span> <span class='ocrx_word' id='word_1_273' title='bbox 220 3915 253 3980; x_wconf 94' lang='lat' dir='ltr'><strong>in</strong></span> <span class='ocrx_word' id='word_1_274' title='bbox 270 3914 488 4000; x_wconf 82' lang='lat' dir='ltr'><strong>Scianoniam,</strong></span> <span class='ocrx_word' id='word_1_275' title='bbox 504 3933 560 3980; x_wconf 90' lang='lat' dir='ltr'><strong>seu</strong></span> <span class='ocrx_word' id='word_1_276' title='bbox 577 3912 697 3998; x_wconf 89' lang='lat' dir='ltr'><strong>portari</strong></span> <span class='ocrx_word' id='word_1_277' title='bbox 714 3911 859 3998; x_wconf 90' lang='lat' dir='ltr'><strong>fecerint,</strong></span> <span class='ocrx_word' id='word_1_278' title='bbox 869 3913 998 3980; x_wconf 88' lang='lat' dir='ltr'><strong>solnant</strong></span> <span class='ocrx_word' id='word_1_279' title='bbox 1009 3921 1041 3980; x_wconf 92' lang='lat' dir='ltr'><strong>et</strong></span> <span class='ocrx_word' id='word_1_280' title='bbox 1065 3916 1190 3981; x_wconf 90' lang='lat' dir='ltr'><strong>soluere</strong></span> 
     </span>
     <span class='ocr_line' id='line_1_35' title="bbox 75 4019 1190 4106; baseline 0.005 -28"><span class='ocrx_word' id='word_1_281' title='bbox 75 4020 233 4088; x_wconf 86' lang='lat' dir='ltr'><strong>teneantur</strong></span> <span class='ocrx_word' id='word_1_282' title='bbox 259 4020 399 4088; x_wconf 86' lang='lat' dir='ltr'><strong>duanam</strong></span> <span class='ocrx_word' id='word_1_283' title='bbox 430 4057 465 4066; x_wconf 91' lang='lat'><em>-</em></span> <span class='ocrx_word' id='word_1_284' title='bbox 488 4057 525 4066; x_wconf 91' lang='lat'>-</span> <span class='ocrx_word' id='word_1_285' title='bbox 548 4054 586 4064; x_wconf 92' lang='lat'>-</span> <span class='ocrx_word' id='word_1_286' title='bbox 603 4020 664 4084; x_wconf 90' lang='lat' dir='ltr'><strong>XL</strong></span> <span class='ocrx_word' id='word_1_287' title='bbox 683 4020 806 4087; x_wconf 91' lang='lat' dir='ltr'><strong>solidos</strong></span> <span class='ocrx_word' id='word_1_288' title='bbox 821 4041 879 4106; x_wconf 90' lang='lat' dir='ltr'><strong>pro</strong></span> <span class='ocrx_word' id='word_1_289' title='bbox 905 4021 1092 4087; x_wconf 86' lang='lat' dir='ltr'><strong>centenario</strong></span> <span class='ocrx_word' id='word_1_290' title='bbox 1117 4019 1190 4086; x_wconf 89' lang='lat' dir='ltr'><strong>libr.</strong></span> 
     </span>
     <span class='ocr_line' id='line_1_36' title="bbox 76 4120 1191 4212; baseline 0.006 -27"><span class='ocrx_word' id='word_1_291' title='bbox 76 4120 137 4188; x_wconf 87' lang='lat' dir='ltr'><strong>den.</strong></span> <span class='ocrx_word' id='word_1_292' title='bbox 153 4126 191 4192; x_wconf 83' lang='lat' dir='ltr'><strong>Et</strong></span> <span class='ocrx_word' id='word_1_293' title='bbox 208 4127 298 4195; x_wconf 89' lang='lat' dir='ltr'><strong>dicta</strong></span> <span class='ocrx_word' id='word_1_294' title='bbox 314 4127 488 4196; x_wconf 81' lang='lat' dir='ltr'><strong>Sciauonia</strong></span> <span class='ocrx_word' id='word_1_295' title='bbox 504 4128 706 4211; x_wconf 85' lang='lat' dir='ltr'><strong>intelligatur</strong></span> <span class='ocrx_word' id='word_1_296' title='bbox 723 4129 841 4210; x_wconf 85' lang='lat' dir='ltr'><strong>eloco,</strong></span> <span class='ocrx_word' id='word_1_297' title='bbox 861 4129 916 4212; x_wconf 91' lang='lat' dir='ltr'><strong>qni</strong></span> <span class='ocrx_word' id='word_1_298' title='bbox 934 4126 1053 4193; x_wconf 88' lang='lat' dir='ltr'><strong>dicitnr</strong></span> <span class='ocrx_word' id='word_1_299' title='bbox 1069 4126 1191 4192; x_wconf 81' lang='lat' dir='ltr'><strong>Oronte</strong></span> 
     </span>
     <span class='ocr_line' id='line_1_37' title="bbox 79 4233 1189 4320; baseline 0.002 -25"><span class='ocrx_word' id='word_1_300' title='bbox 79 4235 225 4314; x_wconf 87' lang='lat' dir='ltr'><strong>usquead</strong></span> <span class='ocrx_word' id='word_1_301' title='bbox 243 4235 359 4301; x_wconf 90' lang='lat' dir='ltr'><strong>flumen</strong></span> <span class='ocrx_word' id='word_1_302' title='bbox 376 4236 479 4303; x_wconf 84' lang='lat' dir='ltr'><strong>Lassi.</strong></span> <span class='ocrx_word' id='word_1_303' title='bbox 497 4236 538 4301; x_wconf 85' lang='lat' dir='ltr'><strong>Et</strong></span> <span class='ocrx_word' id='word_1_304' title='bbox 571 4233 728 4320; x_wconf 88' lang='lat' dir='ltr'><strong>siqnidem</strong></span> <span class='ocrx_word' id='word_1_305' title='bbox 745 4235 938 4302; x_wconf 83' lang='lat' dir='ltr'><strong>Anconitani</strong></span> <span class='ocrx_word' id='word_1_306' title='bbox 955 4233 1083 4317; x_wconf 88' lang='lat' dir='ltr'><strong>aliquas</strong></span> <span class='ocrx_word' id='word_1_307' title='bbox 1109 4251 1189 4298; x_wconf 85' lang='lat' dir='ltr'><strong>mer·</strong></span> 
     </span>
     <span class='ocr_line' id='line_1_38' title="bbox 78 4337 1188 4430; baseline 0.007 -33"><span class='ocrx_word' id='word_1_308' title='bbox 78 4337 211 4408; x_wconf 75' lang='lat' dir='ltr'><strong>daciones</strong></span> <span class='ocrx_word' id='word_1_309' title='bbox 227 4351 369 4410; x_wconf 90' lang='lat' dir='ltr'><strong>emerent</strong></span> <span class='ocrx_word' id='word_1_310' title='bbox 384 4343 418 4408; x_wconf 92' lang='lat' dir='ltr'><strong>in</strong></span> <span class='ocrx_word' id='word_1_311' title='bbox 434 4342 580 4429; x_wconf 84' lang='lat' dir='ltr'><strong>pertibus</strong></span> <span class='ocrx_word' id='word_1_312' title='bbox 595 4343 779 4430; x_wconf 84' lang='lat' dir='ltr'><strong>Scianonie,</strong></span> <span class='ocrx_word' id='word_1_313' title='bbox 796 4351 828 4408; x_wconf 86' lang='lat' dir='ltr'><strong>et</strong></span> <span class='ocrx_word' id='word_1_314' title='bbox 843 4341 1057 4407; x_wconf 85' lang='lat' dir='ltr'><strong>conducerent</strong></span> <span class='ocrx_word' id='word_1_315' title='bbox 1082 4341 1188 4424; x_wconf 87' lang='lat' dir='ltr'><strong>Ragn-</strong></span> 
     </span>
     <span class='ocr_line' id='line_1_39' title="bbox 77 4439 1186 4532; baseline 0.005 -25"><span class='ocrx_word' id='word_1_316' title='bbox 77 4439 148 4508; x_wconf 89' lang='lat' dir='ltr'><strong>sium</strong></span> <span class='ocrx_word' id='word_1_317' title='bbox 164 4467 219 4532; x_wconf 88' lang='lat' dir='ltr'><strong>per</strong></span> <span class='ocrx_word' id='word_1_318' title='bbox 235 4455 363 4532; x_wconf 87' lang='lat' dir='ltr'><strong>terram,</strong></span> <span class='ocrx_word' id='word_1_319' title='bbox 379 4450 509 4517; x_wconf 86' lang='lat' dir='ltr'><strong>solnant</strong></span> <span class='ocrx_word' id='word_1_320' title='bbox 524 4457 556 4517; x_wconf 90' lang='lat' dir='ltr'><strong>et</strong></span> <span class='ocrx_word' id='word_1_321' title='bbox 581 4451 707 4518; x_wconf 86' lang='lat' dir='ltr'><strong>soluere</strong></span> <span class='ocrx_word' id='word_1_322' title='bbox 733 4455 903 4516; x_wconf 85' lang='lat' dir='ltr'><strong>teneantur</strong></span> <span class='ocrx_word' id='word_1_323' title='bbox 928 4445 1099 4513; x_wconf 84' lang='lat' dir='ltr'><strong>Communi</strong></span> <span class='ocrx_word' id='word_1_324' title='bbox 1125 4449 1186 4513; x_wconf 78' lang='lat' dir='ltr'><strong>aa·</strong></span> 
     </span>
     <span class='ocr_line' id='line_1_40' title="bbox 76 4553 1191 4645; baseline 0.009 -31"><span class='ocrx_word' id='word_1_325' title='bbox 76 4553 150 4636; x_wconf 77' lang='lat' dir='ltr'><strong>gusij</strong></span> <span class='ocrx_word' id='word_1_326' title='bbox 166 4555 305 4623; x_wconf 85' lang='lat' dir='ltr'><strong>duanam</strong></span> <span class='ocrx_word' id='word_1_327' title='bbox 336 4558 462 4624; x_wconf 84' lang='lat' dir='ltr'><strong>scilicet</strong></span> <span class='ocrx_word' id='word_1_328' title='bbox 492 4558 557 4624; x_wconf 82' lang='lat' dir='ltr'><strong>XX</strong></span> <span class='ocrx_word' id='word_1_329' title='bbox 587 4559 708 4628; x_wconf 87' lang='lat' dir='ltr'><strong>solidos</strong></span> <span class='ocrx_word' id='word_1_330' title='bbox 733 4579 792 4645; x_wconf 86' lang='lat' dir='ltr'><strong>pro</strong></span> <span class='ocrx_word' id='word_1_331' title='bbox 822 4556 1010 4625; x_wconf 85' lang='lat' dir='ltr'><strong>centenario</strong></span> <span class='ocrx_word' id='word_1_332' title='bbox 1039 4555 1191 4624; x_wconf 84' lang='lat' dir='ltr'><strong>denario·</strong></span> 
     </span>
    </p>
   </div>
   <div class='ocr_carea' id='block_1_3' title="bbox 0 0 1581 5192">
    <p class='ocr_par' dir='ltr' id='par_1_5' title="bbox 0 0 1581 5192">
     <span class='ocr_line' id='line_1_41' title="bbox 0 0 1581 5192; baseline 0 0"><span class='ocrx_word' id='word_1_333' title='bbox 0 0 1581 5192; x_wconf 95' lang='lat' dir='ltr'><strong> </strong></span> 
     </span>
    </p>
   </div>
  </div>
 </body>
</html>
