3132 5192
637 947 691 1013 tu.

100 1147 196 1212 Trnu
230 1153 328 1214 curos
353 1149 480 1229 klizadgt'
498 1147 748 1232 juuuletmeu'nek
776 1145 984 1213 boszonbe'rbe
1000 1146 1116 1209 adrian.
1138 1143 1234 1207 1292.

209 1363 310 1428 Anno
326 1360 446 1428 M⁰CO⁰
461 1363 672 1445 nonagesimo
689 1359 830 1428 securndo
847 1359 897 1427 die
913 1359 956 1424 X.
972 1359 1114 1424 intrante
1124 1357 1235 1440 lladij.

98 1469 241 1535 Domini
258 1469 383 1556 Symon
400 1475 432 1534 et
449 1467 618 1553 Gausigna
635 1467 769 1535 Comitis
793 1469 923 1553 Marini,
951 1467 1096 1532 Marinus
1123 1483 1233 1531 eornm

94 1597 204 1662 nepos
223 1596 285 1662 pro
301 1595 410 1641 corum
435 1583 538 1662 parte,
555 1585 586 1642 et
609 1576 740 1641 nomine
765 1575 888 1642 domini
916 1574 1053 1642 comitis
1078 1571 1238 1653 Georgijp

95 1692 128 1751 ct
144 1687 310 1750 Salomon
332 1704 390 1767 pro
406 1690 500 1769 parte
525 1704 603 1769 sne5
620 1691 653 1750 et
673 1684 849 1770 Gregorius
867 1683 988 1747 domini
999 1678 1151 1767 Episcopi
1177 1698 1235 1763 pro

95 1791 207 1877 ipsius
227 1797 336 1877 parte,
352 1811 459 1857 eorum
476 1793 562 1859 bona
577 1800 609 1859 et
625 1793 757 1878 propria
773 1793 938 1858 voluntate
963 1787 1180 1856 vendiderunt
1202 1790 1236 1851 et

92 1899 262 1967 dederunt
278 1896 425 1981 predicto
450 1899 580 1966 domino
606 1900 739 1985 Symoni
764 1898 923 1965 Potestati
949 1895 1078 1963 nominc
1103 1903 1135 1958 et
1160 1893 1230 1959 uice

92 2006 292 2072 Communis
318 2006 470 2092 Tragurij
497 2005 678 2093 recipienti,
696 2007 851 2085 Generali
877 2013 910 2072 et
942 2004 1054 2071 Maiori
1087 2003 1231 2070 Consilio

91 2113 181 2180 dicte
199 2113 357 2180 Ciuitatis
372 2113 493 2181 ibidem
509 2123 718 2199 congregato,
734 2121 884 2200 presente
901 2121 934 2179 et
950 2099 1092 2196 volente,
1117 2131 1139 2178 a
1163 2131 1229 2178 cre-

91 2223 182 2290 stina
200 2219 258 2289 die
275 2221 408 2288 inantea
424 2222 467 2289 ad
483 2229 548 2291 tres
565 2243 669 2312 annos
684 2224 848 2310 proximos
872 2230 1028 2290 venturos
1054 2228 1155 2287 totam
1181 2217 1228 2282 in-

90 2337 216 2398 tratam
234 2337 268 2398 et
283 2340 473 2418 prouentus,
488 2353 585 2415 quarn
601 2339 632 2397 ct
648 2353 730 2415 quos
756 2331 878 2399 hebent
903 2337 935 2395 et
961 2329 1082 2394 habere
1108 2325 1226 2392 debent

16 2495 18 2500 .
92 2439 155 2523 ipsi
173 2446 210 2506 et
226 2437 372 2522 ipsorum
391 2439 537 2525 quilibet,
554 2439 605 2505 vel
623 2439 725 2523 aliqui
752 2440 809 2524 alij
836 2459 895 2526 pro
921 2438 979 2518 cis,
1005 2437 1046 2501 de
1072 2439 1167 2520 porta
1195 2439 1227 2498 et

90 2565 148 2630 pro
166 2552 269 2631 porta
294 2545 443 2614 Ciuitatis
471 2568 570 2634 prope
587 2555 717 2632 pontem
742 2548 785 2613 ad
811 2545 1011 2627 babendum,
1042 2542 1227 2627 tenendum,

92 2653 339 2738 possidendum,
352 2655 585 2743 recipiendum,
596 2664 628 2722 et
643 2657 743 2741 recipi
760 2653 956 2736 faciendum
973 2659 1006 2718 et
1021 2649 1174 2734 quioquid
1186 2645 1226 2714 de

92 2761 166 2847 ipsa
184 2761 311 2832 intrata
327 2783 384 2832 seu
401 2765 612 2848 prouentibus
629 2785 687 2852 per
702 2773 803 2831 toturn
831 2762 953 2828 dictum
979 2769 1106 2845 tempus
1131 2758 1226 2823 trium

92 2889 259 2940 annornm
284 2871 371 2936 dicto
396 2873 564 2939 Communi
589 2873 750 2957 placuerit
775 2871 971 2938 faciendum.
999 2866 1226 2934 Promittentes

92 2979 231 3062 predicti
249 2979 371 3045 domini
388 2979 510 3065 Simon,
529 2981 699 3064 Gauuigna
715 2989 746 3046 ct
764 2979 908 3045 Marinus
924 2998 982 3063 pro
999 2995 1107 3042 eorsum
1134 2980 1226 3057 parte

92 3093 233 3166 mutum,
252 3093 285 3153 et
300 3087 407 3153 dictus
423 3087 573 3155 dominns
591 3087 764 3172 Gregorius
791 3109 851 3173 pro
877 3092 970 3171 perte
996 3083 1119 3147 domini
1145 3079 1221 3163 Elpi-
1266 3125 1268 3130 -

92 3193 195 3278 scopi.
213 3194 358 3278 Proque
375 3195 477 3262 eciam
494 3196 651 3280 promisit,
670 3196 755 3278 quod
780 3197 904 3260 firmum
930 3191 1061 3257 habebit
1086 3207 1145 3272 per
1170 3203 1225 3252 eos

92 3307 125 3364 et
140 3321 223 3368 snos
241 3301 377 3368 heredes
403 3303 490 3368 dicto
517 3303 648 3369 domino
672 3303 831 3369 Potestati
858 3320 915 3386 pro
942 3299 1029 3364 dicto
1056 3292 1222 3359 Communi

92 3407 264 3491 recipienti
281 3407 322 3474 de
337 3409 490 3493 predictis
508 3411 596 3475 litem
623 3411 766 3492 aliquam
792 3409 843 3475 iel
868 3405 1067 3490 questionem
1092 3421 1150 3486 per
1176 3409 1219 3464 to·

94 3524 161 3579 tum
178 3515 301 3581 dietum
332 3521 461 3600 tempus
476 3519 572 3582 trium
596 3537 757 3584 annorum
782 3535 847 3583 non
879 3513 986 3579 facero
1017 3511 1068 3578 vel
1084 3525 1225 3591 monere,

93 3621 191 3689 immo
208 3623 357 3708 predicta
374 3625 481 3691 omnia
513 3645 571 3709 pro
598 3633 690 3710 parte
706 3625 753 3691 eis
779 3623 980 3707 contingenti
996 3623 1090 3688 firma
1104 3626 1136 3685 et
1152 3625 1225 3682 rata

93 3727 216 3804 habere
233 3739 266 3796 et
282 3737 403 3798 tencre.
421 3731 538 3799 Euhoe
553 3733 700 3800 iecerunt
723 3751 781 3818 pro
797 3732 858 3797 XL
875 3730 968 3798 libris
993 3729 1104 3794 Vcnct.
1131 3741 1224 3810 paru.

92 3855 148 3920 pro
165 3839 312 3920 quolibet
327 3859 413 3906 anno
430 3861 487 3926 pro
505 3849 571 3908 tota
586 3841 708 3907 intrata
723 3842 810 3908 dicte
820 3847 930 3927 porte;
948 3859 1030 3923 quas
1045 3835 1106 3900 XL
1121 3833 1221 3898 libras

95 3941 264 4010 Communi
281 3945 432 4031 Tragurij
450 3949 576 4014 soluere
591 3947 733 4014 debeant
747 3968 806 4034 pro
821 3947 965 4031 quolibet
980 3963 1065 4009 anno
1090 3941 1123 4005 in
1140 3940 1223 4004 sesto

93 4047 203 4116 Sancti
230 4051 402 4119 Michaelis
428 4055 468 4120 de
494 4055 686 4140 Septembri.
713 4055 784 4122 Hoc
807 4062 910 4121 tatum
935 4051 1056 4134 addito,
1081 4047 1168 4132 quod
1194 4047 1222 4112 si

94 4160 231 4240 predicti
247 4161 300 4228 vel
317 4159 435 4246 aliquis
451 4163 596 4249 ipsorum
613 4164 748 4232 emerint
764 4165 805 4230 de
821 4162 1007 4231 introitibus
1023 4156 1220 4238 Communis,

95 4273 230 4352 excepto
246 4266 287 4331 de
302 4270 453 4336 beccaria
468 4289 526 4337 seu
543 4280 659 4357 oreste,
671 4271 812 4341 debeant
822 4277 948 4356 partem
959 4265 1022 4335 sibi
1033 4261 1218 4346 contingen·

93 4379 155 4439 tem
184 4373 228 4440 de
257 4374 338 4459 ipsis
363 4376 422 4443 XL
452 4378 545 4446 libris
569 4379 602 4445 in
619 4382 692 4465 ipsa
716 4381 885 4466 empcione
895 4371 1211 4460 comprensabnntet

95 4481 338 4567 computabunt.
363 4485 513 4553 Predicta
537 4489 645 4556 omnia
669 4489 831 4555 intereos
856 4486 965 4552 facere
989 4489 1022 4548 et
1046 4481 1221 4547 obseruare

92 4589 315 4675 promiserunt
330 4599 364 4659 et
380 4599 493 4662 contra
508 4615 573 4663 non
590 4595 698 4664 faeere
713 4597 765 4663 vel
782 4593 903 4676 venire,
919 4589 981 4660 snb
997 4592 1220 4678 penaccntnm
