3132 5192
40 4699 101 4728 h*

356 1275 387 1334 A
401 1268 680 1358 pyrduschbrodri
702 1268 927 1353 kdplalanauk
951 1267 1226 1353 hiaonysdqleocla,
1255 1267 1339 1351 hoqp
1367 1265 1479 1340 Eadm,
1544 1262 1547 1272 '

358 1374 502 1460 St‘kefio,
514 1375 624 1441 Simon
636 1377 668 1440 aa
677 1375 728 1458 fia
745 1374 866 1452 Jokoh,
877 1374 1019 1452 straoa,
1031 1373 1240 1456 Morczdfiu,
1256 1373 1404 1438 caolnolcr'
1418 1377 1483 1436 odr-

351 1482 549 1572 johbdpyolr,
565 1481 703 1548 Saolnok
720 1482 949 1568 odrmegyebea
956 1479 1060 1566 fekvd
1071 1481 1188 1545 Pectclr
1204 1488 1352 1547 encauto
1368 1479 1483 1545 moldo

347 1591 513 1678 fo'ldjbkel
540 1591 646 1656 Borea
673 1589 902 1676 mouetadqbdi
928 1589 1046 1655 Ludo
1078 1589 1201 1673 erdelyi
1218 1585 1387 1673 uajdrinulr
1403 1586 1480 1652 elud-

825 1698 892 1762 cdl.
914 1697 1011 1764 1292.

466 1891 653 1978 Capitulum
670 1891 816 1958 Ecclesia
831 1891 926 1958 Beati
942 1889 1114 1958 Michaelis
1140 1889 1345 1975 Archangeli
1372 1891 1484 1954 'l'rans-

358 2001 486 2067 alluane
502 1999 663 2068 uniuersis
681 1999 800 2068 christi
815 1997 967 2068 fidelihus
982 2007 1048 2066 tam
1066 1999 1272 2085 presentibus
1288 2018 1391 2082 quam
1406 1995 1484 2062 futu-

358 2108 404 2173 ris
418 2124 553 2192 presens
568 2107 723 2192 scriptum
749 2107 945 2194 inspecturis
971 2108 1110 2174 salutem
1136 2107 1171 2172 in
1186 2107 1302 2173 salutis
1318 2105 1484 2189 largitore.

357 2211 410 2279 Ad
427 2211 652 2279 uniuersorum
678 2212 830 2278 noticiam
860 2221 926 2278 tam
953 2213 1157 2298 presencium
1186 2231 1284 2295 quam
1309 2212 1485 2279 futurorum
1551 2287 1553 2296 ‚

357 2317 471 2383 hurum
486 2319 570 2385 serie
585 2319 734 2386 volumus
752 2319 941 2405 peruenire;
959 2319 1047 2403 quod
1072 2317 1264 2386 accedentes
1281 2319 1326 2385 ad
1344 2323 1482 2386 nostram

359 2425 563 2508 presenciam
590 2423 738 2492 Andreas
764 2425 847 2492 lilius
863 2423 961 2510 Syke,
985 2424 1062 2490 item
1084 2426 1205 2510 symon
1216 2425 1358 2509 johagio
1383 2425 1483 2491 Castri

358 2532 400 2598 de
416 2533 554 2600 Zounulr
570 2533 770 2618 liliusRaak‚
787 2542 820 2600 et
836 2553 907 2599 cum
923 2531 1078 2615 legitimis
1095 2532 1329 2618 procuratorijs
1347 2530 1482 2617 proillio

356 2657 414 2706 suo
430 2639 563 2725 Jacobo,
581 2648 613 2708 et
630 2640 797 2708 Johanues
812 2639 899 2706 lilius
918 2639 1065 2708 Marcelli
1099 2639 1143 2706 lili
1160 2641 1246 2725 Vsa,
1280 2637 1483 2707 concorditer

360 2765 469 2814 coram
485 2747 578 2814 nohis
595 2747 858 2831 comparentibus
869 2767 953 2813 sana
969 2753 1077 2813 mente
1091 2753 1338 2832 spontaneaque
1355 2753 1389 2813 et
1404 2747 1483 2812 bona

269 2905 271 2910 -
358 2855 526 2922 voluntate
543 2855 694 2922 dixerunt
719 2863 751 2921 et
767 2861 843 2922 sunt
874 2854 1014 2921 confessi
1032 2856 1162 2923 oraculo
1179 2857 1257 2922 viuc
1273 2857 1378 2938 vocis,
1393 2872 1483 2938 quan·

221 2983 228 2990 ·
357 2962 433 3028 dam
448 2970 570 3030 terram
587 2963 732 3048 ipsorum
752 2961 995 3050 hereditariam,
1012 2961 1151 3029 Pinthuc
1167 2971 1316 3031 vocatam
1334 2963 1369 3027 in
1387 2959 1483 3027 Comi·

357 3077 427 3137 tatu
444 3069 484 3138 de
509 3069 623 3137 Zonulr
651 3069 843 3137 existentem
875 3089 945 3135 eum
972 3069 1122 3137 omnihus
1148 3071 1346 3138 utilitatibus
1375 3071 1485 3137 suiset

359 3177 572 3265 pertiueneijs
589 3177 759 3260 uniuersis,
779 3175 870 3243 iuxta
893 3182 1022 3243 veteres
1039 3183 1071 3242 et
1086 3177 1239 3260 antiquas
1254 3185 1358 3245 metas
1384 3181 1483 3243 certas

360 3305 399 3351 ao
429 3284 470 3349 de
499 3301 584 3349 nono
609 3304 666 3370 per
692 3284 891 3367 jobagiones
915 3283 1022 3350 Oaslri
1053 3283 1094 3350 de
1111 3285 1222 3350 Zonuc
1239 3282 1441 3371 (separlatas
1456 3288 1483 3349 et

359 3397 505 3475 erectas3
522 3389 674 3479 videlicet
698 3409 871 3474 processus
896 3397 1054 3457 metarum
1072 3391 1293 3475 distinguntur
1309 3392 1367 3478 sic,
1385 3389 1483 3477 prima

361 3503 449 3562 meta
474 3496 588 3581 incipit
602 3516 700 3581 super
717 3517 815 3562 unum
831 3497 951 3582 byrche
983 3497 1130 3564 Kabalas
1154 3505 1317 3586 vocatum,
1334 3506 1368 3564 et
1384 3498 1427 3564 ibi
1443 3517 1484 3562 se·

360 3610 459 3688 parat
474 3599 515 3668 de
530 3603 623 3668 metis
639 3603 765 3690 Nyma3
799 3603 916 3670 deinde
947 3603 1150 3689 progreditur
1180 3605 1223 3672 ad
1239 3607 1375 3690 plagam
1397 3605 1484 3671 meri·

361 3707 537 3795 dionalem,
554 3716 585 3774 et
600 3728 696 3794 super
711 3731 783 3778 cum
810 3711 930 3796 hyrche
955 3712 1158 3796 procedendo
1174 3731 1276 3796 usque
1292 3714 1484 3798 superiorem

362 3823 486 3904 purtem
506 3815 602 3883 vallis
619 3817 767 3903 Gorgos,
786 3819 877 3885 stibi
894 3825 1025 3904 separat
1041 3818 1082 3884 dc
1098 3819 1191 3885 metis
1212 3818 1355 3905 Vrman;
1373 3816 1483 3886 deinde

361 3923 466 3992 tendit
481 3933 513 3992 et
529 3925 736 4011 progreditur
746 3926 789 3993 ad
805 3930 922 3994 terram
938 3926 1026 3995 (lhec
1041 3927 1250 4012 nominatam,
1266 3932 1299 3994 et
1314 3929 1430 3993 transit
1445 3921 1482 3990 ad

362 4054 459 4100 vnum
476 4034 607 4122 hyrche,
634 4041 667 4100 et
682 4034 716 4100 in
734 4033 847 4100 eadem
878 4035 978 4120 plaga
1009 4033 1214 4119 progreditur
1230 4035 1274 4100 ad
1290 4055 1390 4101 unum
1404 4051 1483 4099 mon·
1550 4063 1552 4078 ε

364 4149 447 4230 tem;
466 4151 499 4208 et
515 4141 634 4210 abhinc
659 4141 765 4209 tendit
775 4141 924 4208 adunum
936 4142 1066 4228 byrehs,
1086 4149 1119 4209 et
1134 4141 1179 4208 ibi
1194 4141 1334 4209 flectitur
1349 4142 1392 4208 ad
1401 4137 1484 4224 aqui·

366 4250 492 4336 lonem;
508 4251 543 4316 iu
558 4251 642 4318 bono
660 4250 771 4334 spacio
789 4246 992 4333 procedendo
1009 4249 1116 4314 veniel
1132 4248 1175 4315 ad
1191 4268 1290 4314 unam
1306 4251 1423 4318 siluam
1438 4267 1482 4314 su-

365 4378 422 4442 per
437 4357 639 4447 Sylkerelre3
657 4355 776 4425 abhinc
799 4362 908 4423 autem
927 4355 1134 4440 progreditur
1164 4354 1208 4421 ad
1229 4357 1482 4440 Donchemeney,

365 4471 397 4532 et
413 4465 458 4532 ibi
478 4464 706 4534 descendendo
718 4471 848 4549 separat
859 4461 900 4528 de
911 4461 1086 4548 Gykynus,
1098 4471 1130 4530 et
1140 4483 1240 4550 super
1250 4465 1389 4530 eundem
1406 4483 1481 4548 ryw·

364 4573 431 4640 lum
449 4571 674 4640 descendendo
700 4569 903 4657 progreditur
927 4571 1020 4637 iuxta
1035 4571 1150 4637 Kudur
1159 4619 1168 4655 ‚
1196 4578 1228 4637 et
1244 4571 1290 4639 ihi
1306 4579 1435 4660 reparat
1448 4569 1483 4634 dc

368 4681 464 4754 metis
481 4677 613 4764 Kudur;
646 4677 766 4748 deinde
791 4695 869 4744 vero
893 4677 1039 4764 procedit
1063 4678 1106 4746 ad
1129 4697 1227 4746 unum
1242 4663 1366 4764 byrohe
1381 4693 1485 4746 nemus
