3124 5194
537 311 695 420 „ups-

55 500 260 579 siclromines
289 529 347 598 per
362 509 513 598 exempla
537 511 771 597 informantur,
796 506 1069 594 quemadmodum
1095 523 1176 578 cera

55 616 298 702 impressionem
313 618 466 703 imaginis
491 620 607 706 recipit
631 637 672 686 ex
688 619 819 704 sigillo;
837 627 873 687 ut
888 617 1057 688 fidelitatis
1073 616 1176 704 ipsius

55 724 182 791 Comitis
198 723 353 790 Ladirlai
370 725 512 810 uestigia
536 725 580 792 ad
600 731 748 811 posteros
757 775 767 810 ,
793 725 849 810 qui
865 724 984 792 futuris
999 731 1178 793 nascentur

55 829 259 916 temporibus,
279 835 545 916 transmittamus,
572 834 701 916 aliquos
728 851 769 899 ex
784 833 853 900 suis
869 833 1019 915 actibus,
1035 833 1097 900 etsi
1113 852 1179 898 uon

54 957 165 1021 omnes,
181 940 338 1006 uolumus
353 939 386 1005 iu
401 939 607 1025 presentibus
624 939 793 1026 explicari.
812 939 891 1006 Gum
909 939 1020 1020 euim,
1051 947 1087 1006 ut
1101 938 1178 1004 inde

52 1043 267 1130 exordiamur,
285 1047 435 1114 dominus
454 1045 627 1113 Ladinlaus
655 1047 821 1131 quondam
845 1044 985 1115 illustris
1000 1048 1072 1114 Rex
1088 1047 1177 1112 Hun-

52 1150 134 1234 garie
150 1153 326 1237 ingressus
343 1151 458 1222 luisset
473 1155 623 1222 uniuerso
650 1154 737 1221 uiam
754 1153 880 1238 carnis,
898 1160 931 1223 st
947 1152 1098 1222 dominus
1113 1151 1179 1220 An·

52 1257 149 1345 dmas,
164 1258 367 1328 karissimus
383 1267 493 1328 noster
509 1261 615 1348 filins,
642 1282 707 1328 uon
723 1261 825 1330 armis
841 1261 1060 1348 bellicis-non
1075 1259 1178 1327 insul·

51 1364 130 1432 tibus
145 1365 316 1452 uiolentia,
334 1386 395 1436 neu
411 1366 646 1452 aliquoquouis
663 1367 805 1434 humano
821 1367 967 1454 iugenio,
982 1368 1041 1436 aed
1058 1367 1177 1434 solum·

50 1472 138 1539 modo
153 1474 286 1542 Diuina
302 1473 433 1542 fauente
449 1477 572 1562 gracia,
589 1477 655 1560 ipsi
680 1473 810 1542 domiuo
825 1474 982 1542 Ladizlao
998 1474 1176 1543 successis-

50 1577 139 1644 setiu
154 1581 266 1665 Regni
297 1583 417 1649 solium
430 1633 440 1666 ,
466 1581 530 1650 sibi
556 1581 698 1649 debitum
723 1583 792 1649 iure
811 1601 850 1648 ac
876 1581 989 1648 ordine
1017 1581 1177 1667 geniture,

50 1685 211 1767 predictus
231 1689 351 1758 Comes
367 1690 540 1758 Ladizlaus
565 1691 672 1757 eidem
689 1691 756 1759 filio
772 1699 885 1757 nostro
902 1689 1108 1757 fidelissimos
1124 1709 1178 1754 ex·
1263 1711 1266 1718 ’

50 1787 146 1858 hibuit
159 1791 352 1862 famulatus.
371 1796 524 1864 Preterea
540 1818 612 1864 cum
637 1797 805 1864 lohannes
836 1795 922 1862 filins
941 1795 1068 1863 Hernici
1086 1796 1168 1862 Bani

53 1917 153 1982 praue
171 1901 389 1984 cogitacionis
413 1903 576 1970 desideria
600 1903 633 1969 in
659 1913 783 1971 secreto
807 1903 857 1969 sui
883 1903 990 1968 cordis
1016 1909 1179 1989 concepta

53 2003 133 2071 foras
150 2004 183 2072 iu
201 2029 287 2093 opus
303 2010 478 2096 perducere
495 2033 560 2076 non
577 2010 772 2096 formidans,
789 2009 847 2076 sed
862 2009 1034 2078 atrocitate
1049 2009 1181 2076 errandi

55 2111 188 2182 criminis
204 2124 275 2184 tam
292 2137 326 2184 se
343 2138 440 2201 quam
456 2139 533 2186 suos
550 2127 645 2204 poste
659 2140 711 2186 ros
728 2117 932 2202 maculando,
949 2117 982 2184 in
998 2118 1180 2202 quibuspa

55 2217 92 2286 ris
108 2223 243 2290 sceleris
266 2227 415 2313 exemplu
430 2234 625 2307 metuuntur,
644 2227 753 2310 ipsum
765 2228 886 2310 Regem
896 2223 1179 2307 Andream,domi·

53 2347 119 2394 num
130 2349 223 2398 suum
235 2336 427 2419 naturalem,
439 2340 569 2420 captata
579 2333 820 2421 opportunitate
831 2334 995 2423 temporis,
1014 2333 1179 2400 fidemseu

54 2432 576 2528 fidelitatemuiolandopollieitam
597 2443 817 2528 captiuasset;
844 2449 1038 2510 memoratus
1063 2441 1179 2508 Comes

54 2541 277 2635 mutuasque
300 2550 403 2636 Regia
418 2550 605 2618 Sublimitas
621 2571 680 2635 pos
696 2558 745 2618 set
761 2571 782 2617 a
797 2551 924 2633 laqueis
941 2551 1024 2637 eripi
1040 2555 1107 2616 tam
1123 2547 1180 2613 im·

59 2657 140 2740 probi
164 2656 354 2738 detentoris;
382 2677 473 2726 suam
498 2678 631 2744 operam
647 2665 679 2725 et
695 2657 946 2752 sollicitudinem
963 2677 1028 2724 nun
1057 2655 1182 2724 destitit

64 2762 217 2852 exhibere,
236 2773 351 2834 etcum
361 2765 670 2835 fraudulentabuius
686 2765 822 2834 uiolenti
847 2765 973 2833 astucia
997 2789 1018 2833 a
1041 2765 1108 2834 suis
1132 2761 1180 2829 la·

61 2871 142 2955 queis
167 2871 406 2942 celsitudinem
431 2881 621 2959 pauesceret
641 2875 802 2941 remittere
830 2875 979 2963 Regiam,
1003 2871 1067 2941 nisi
1092 2890 1181 2940 secu·

5 2979 7 2988 ’
55 2979 139 3046 ritate
161 2980 469 3052 datorumobsidum
480 2983 668 3068 muniretur,
684 2981 852 3068 sepefatus
870 3001 978 3049 comes
1009 2979 1181 3046 ladizlaus

56 3087 188 3169 predicto
203 3091 348 3159 Johanui
372 3090 456 3157 liber
482 3097 514 3156 et
537 3097 737 3176 spontaneus
753 3093 789 3158 s'e
807 3087 897 3156 dedit
909 3089 943 3154 in
974 3086 1129 3172 obsidem,
1146 3090 1181 3151 ut

58 3192 155 3280 iugum
180 3198 357 3266 detentoria
375 3197 504 3266 orrendi
515 3198 619 3282 Regia
634 3197 738 3283 pessit
753 3194 893 3264 euadere
919 3185 1103 3280 Celsitud03
1119 3213 1181 3260 uec

59 3300 143 3374 aliter
158 3329 179 3376 a
205 3309 351 3396 predicto
376 3307 530 3392 Magistro
556 3307 706 3375 Jobanne
722 3305 807 3372 idem
823 3308 938 3373 Comes
952 3304 1130 3372 Ladinlans
1144 3322 1181 3371 ue

60 3407 189 3484 liberare
205 3417 320 3504 potuit,
337 3415 401 3483 nisi
425 3414 571 3482 ducentis
586 3414 705 3482 marcls
720 3433 780 3499 pro
804 3433 866 3482 sua
880 3411 1091 3501 :liberacione
1117 3409 1181 3494 pri·

57 3521 144 3592 uitus
162 3525 357 3610 persolutis,
374 3522 547 3608 quemdam
574 3521 802 3590 nichilominus
818 3523 918 3590 fibnm
932 3541 1024 3590 suum
1041 3520 1115 3588 loco
1131 3519 1182 3586 sui

59 3649 109 3714 pru
133 3633 250 3701 obside
273 3631 503 3716 relinquend03
532 3629 588 3698 vbi
604 3629 709 3699 dietus
742 3649 825 3715 puer
856 3635 987 3716 propter
1018 3625 1181 3694 maliciam

61 3737 190 3808 aierisiu
216 3739 430 3825 egritudinem
453 3737 610 3822 incidens,
636 3745 815 3804 extremum
825 3738 911 3805 diern
922 3736 1051 3805 elausit
1060 3733 1112 3800 Ad
1123 3733 1183 3800 hee

61 3863 123 3910 cum
138 3848 231 3931 ltine,
249 3846 412 3930 quondam
429 3843 622 3930 Palatinus,
653 3851 794 3912 castrum
820 3843 976 3912 Zeokobu
1002 3849 1115 3910 contra
1128 3861 1184 3907 no-

60 3957 146 4020 stram
163 3955 326 4022 detineret
341 3955 555 4039 Maiestatem,
572 3951 738 4038 sepefatus
755 3953 834 4019 Com
843 3971 878 4018 es
892 3948 1064 4018 Ladialaus
1079 3950 1113 4016 in
1128 3949 1184 4016 ob·

64 4061 197 4130 sessione
214 4083 272 4130 seu
289 4063 540 4149 expuguaoionc
558 4060 636 4128 dieti
663 4059 761 4128 castri
778 4078 919 4126 unacum
939 4057 1074 4125 Nicolao
1089 4055 1182 4122 Pala

62 4163 119 4232 tino
133 4169 343 4238 laudabiliter
358 4169 509 4257 perstitit,
527 4168 631 4235 donce
646 4167 833 4235 huiusmodi
853 4163 1046 4251 magnetum,
1087 4164 1174 4230 bono

62 4261 229 4348 inchoatum
246 4278 417 4366 principio,
443 4277 508 4343 fine
535 4277 596 4344 fuit
619 4275 754 4346 feliciori
781 4278 1050 4342 consummatum.
1078 4271 1119 4336 ldt
1144 4267 1181 4334 li-

63 4389 105 4446 cet
118 4395 312 4456 memoratus
328 4388 443 4454 Comes
459 4384 635 4452 Ladiulaus
660 4405 719 4470 pro
743 4381 893 4450 fidelibus
917 4375 1094 4463 obsequijs,
1127 4396 1185 4464 pro

64 4493 189 4562 strenuis
199 4495 338 4583 actibus,
348 4515 406 4580 pru
417 4511 549 4560 suarum
559 4490 760 4560 documentis
770 4487 965 4576 probitatum
977 4485 1074 4569 longe
1085 4488 1186 4554 maio-

67 4593 893 4708 tibuspuunificcueijsessetdiguus,tumenutuotis
913 4590 1185 4681 eiuratiqusntis·
