3124 5194
854 293 1015 398 „roo-

371 521 429 590 pcr
438 517 629 583 annuamus,
640 495 788 584 quamuis
800 513 857 582 pro
867 489 993 578 magnis
1002 487 1147 569 minima,
1158 501 1219 571 pro
1228 475 1353 552 arduis
1368 473 1505 566 exirigrt

374 612 482 680 lacere
493 608 672 692 uideamur,
683 603 845 691 quandam
857 611 974 670 terram
986 605 1129 666 nostram
1140 593 1209 662 an
1228 585 1507 677 nonatum,udSc

373 718 460 804 guod
484 716 631 803 predium
647 719 791 782 nostrum
805 711 1029 798 pertinentem,
1044 725 1117 774 oum
1132 700 1289 772 omnibus
1306 698 1382 768 suis
1396 698 1508 766 utilite·

372 827 461 894 tibus
477 829 510 892 et
525 821 713 906 attinenciis
728 819 890 888 uniuersis
905 817 1064 896 dedimus,
1091 809 1291 880 domuimus
1321 812 1359 874 et
1382 805 1508 874 contuli-

313 928 318 936 “
374 953 446 1001 mus
462 931 609 1017 sepefato
640 927 757 998 Comiti
773 926 940 1010 ladislao,
956 929 989 996 ct
1003 943 1063 1009 per
1078 941 1150 990 euru
1167 917 1236 986 suis
1251 914 1508 1001 herodibuslrc

374 1039 550 1124 redumqne
565 1056 695 1105 snorum
710 1033 959 1119 suecessoribus,
976 1030 1045 1097 iure
1061 1039 1217 1115 perpetuo
1233 1032 1389 1121 pacifice
1415 1034 1510 1116 possi·

375 1147 514 1216 dendam
530 1153 563 1216 ct
579 1143 773 1214 habendam.
790 1145 828 1210 Iu
844 1142 937 1210 cuins
952 1142 1001 1208 rei
1026 1143 1226 1230 memorium,
1252 1146 1511 1225 firmitatemque

376 1261 563 1342 perpetuum
580 1258 747 1338 presentes
763 1249 981 1320 concessimus
1008 1248 1133 1318 litteras
1159 1251 1307 1338 duplicis
1335 1251 1441 1336 sigilli
1464 1269 1511 1316 no

375 1363 433 1428 stri
451 1360 626 1428 munimine
642 1359 822 1426 roboratos.
840 1359 961 1424 Datum
978 1377 1035 1440 per
1051 1377 1168 1426 manus
1183 1359 1400 1428 venerabilia
1416 1355 1510 1444 pauiu

377 1467 474 1536 Pauli
489 1467 551 1536 Dei
576 1465 688 1551 gracia
719 1465 874 1550 Episcopi
901 1462 1268 1547 Quinqncecolesicusis,
1296 1467 1380 1533 aulo
1406 1471 1509 1532 nostro

377 1573 576 1658 cancellarij
594 1570 705 1640 dilecti
722 1580 755 1640 et
770 1569 876 1640 tidelis
892 1569 1005 1658 nostri,
1029 1591 1115 1640 anno
1140 1573 1275 1642 Domini
1303 1571 1436 1639 M⁰GC⁰
1460 1590 1510 1637 no·

379 1681 551 1770 nogesimo
568 1679 692 1763 quinto.

462 1879 513 1950 (Aa
527 1877 630 1934 eredcti
644 1873 711 1932 utin
724 1879 821 1930 lineus
832 1874 951 1942 ntnror,
965 1880 1080 1946 lragyar
1093 1878 1158 1934 Sion
1172 1880 1224 1932 111.
1236 1863 1296 1930 tritt.
1323 1867 1388 1930 936.
1403 1875 1434 1946 l)

832 2161 1043 2180 *ausum—tun·

388 2905 586 2974 itomaaiaa
603 2905 667 2974 III.
679 2905 790 2971 Eudae
805 2905 916 2989 kiroly
926 2907 1029 2992 arryju
1046 2901 1190 2970 dourad
1205 2905 1363 2992 helysdyet
1374 2903 1504 2986 idwiny·

473 3015 623 3100 marasim
638 3013 827 3079 maranno·
843 2989 947 3079 darer
962 3012 1109 3079 sarram
1127 3011 1305 3081 martello.
1323 3012 1423 3076 1295.

492 3211 561 3279 Nos
578 3191 709 3276 domina
725 3207 786 3274 Th.
805 3213 908 3274 mater
935 3205 1059 3275 domini
1086 3207 1218 3276 Andros
1232 3207 1294 3275 Dei
1312 3208 1426 3293 gracia
1438 3204 1502 3271 Illu-

387 3319 464 3390 slris
479 3316 579 3402 Regis
596 3314 776 3401 Hunguric,
792 3334 850 3400 per
865 3314 1001 3381 eandem
1018 3315 1160 3382 Ducissa
1178 3315 1284 3384 tocius
1298 3313 1502 3383 Solanonieet

386 3425 604 3498 Gubernutrix
629 3421 973 3491 citra-Danuuiarinm
990 3423 1141 3489 Porcium
1166 3442 1271 3509 nsque
1286 3443 1395 3508 marc,
1418 3417 1502 3505 signi·

387 3537 524 3604 ficamus
549 3532 711 3601 uniuersis
744 3531 862 3617 quibus
891 3531 1023 3617 expedit
1049 3531 1204 3598 memorie
1234 3531 1500 3606 commendantem

392 3641 480 3727 quod
496 3661 569 3708 cum
587 3641 746 3724 Magister
762 3637 926 3708 Corradus
942 3638 1027 3706 lilius
1039 3637 1199 3725 Stephani
1215 3639 1257 3705 de
1267 3640 1368 3708 Owar
1383 3639 1414 3706 in
1424 3637 1500 3722 quin·

386 3749 481 3818 danis
491 3743 671 3815 residcncie
681 3746 841 3813 exercitus
855 3745 969 3832 nostri,
983 3745 1160 3813 secundnm
1178 3747 1415 3815 continenciam
1429 3743 1498 3811 litte·

386 3875 496 3924 rarum
507 3861 689 3922 nostrarum
700 3851 952 3941 memorialinm,
964 3854 1255 3921 contrudominum
1274 3855 1310 3920 B.
1321 3854 1500 3942 Episcopum

386 3963 473 4033 Albo
482 3962 664 4050 Bulgaricc,
675 3983 733 4050 pro
742 3981 806 4046 quo
815 3962 976 4046 Magister
992 3963 1108 4029 Petrus
1123 3960 1223 4029 frater
1238 3961 1309 4030 eius
1325 3963 1397 4030 vioe
1412 3966 1441 4030 et
1453 3976 1497 4024 no·

387 4071 474 4141 mine
486 4070 631 4140 eiusdem
641 4069 673 4136 in
684 4070 756 4156 ipso
766 4067 903 4137 termino
916 4069 1099 4156 comparuit
1108 4089 1181 4136 curn
1192 4069 1312 4138 litteris
1324 4070 1446 4152 nostris,
1456 4084 1498 4132 sut

393 4179 548 4268 portanto
563 4177 779 4266 possessionis
794 4175 942 4244 Gucresd
958 4184 1141 4244 vocatesna
1157 4177 1372 4245 instrumenta
1388 4185 1419 4244 nt
1431 4174 1497 4241 litte

397 4285 593 4374 ras,quibns
610 4283 827 4352 mediantibus
842 4284 946 4370 ipsum
958 4289 1074 4350 terrum
1086 4285 1229 4351 lennitct
1245 4284 1402 4372 possedit,
1418 4279 1498 4363 euly-

385 4397 462 4464 bcre
471 4393 638 4464 debuisset
648 4415 752 4462 coram
767 4391 870 4477 nobis,
883 4392 955 4478 ipso
966 4392 1101 4460 termino
1110 4391 1306 4459 adueniente
1317 4392 1401 4459 idem
1408 4381 1490 4469 lingi-

394 4509 460 4572 ster
476 4502 656 4571 Corroldns
674 4500 889 4588 personaliter
903 4519 1012 4566 coram
1038 4499 1133 4566 nobis
1159 4499 1376 4586 comparendo
1402 4498 1496 4563 instro.

388 4619 500 4685 menta
515 4633 575 4681 sna
591 4619 624 4686 et
638 4612 765 4685 litteras
789 4606 946 4704 exhybnit
963 4627 1072 4682 coram
1098 4605 1212 4694 uotis,
1238 4607 1271 4673 in
1298 4607 1417 4694 quibus
1430 4597 1493 4670 uidi·
