3180 5202
868 336 1027 435 Qa-

373 526 505 594 bilibos
520 525 555 592 in
570 529 742 613 prenotato
759 527 925 594 Conaentn
940 526 1047 596 iurare
1062 531 1300 616 presumpserit
1328 551 1417 616 snper
1444 534 1489 600 tri·

383 633 476 717 ginta
491 633 594 701 bobus
609 639 642 699 et
655 633 812 701 tredecim
828 636 921 718 equis
937 645 1049 704 eontra
1078 637 1273 706 llielaaelem
1288 635 1393 722 sepios
1406 643 1488 707 noni·

379 747 513 825 natnm;
531 747 650 808 extnno
665 740 751 807 idem
775 741 915 810 lliohael
945 743 1108 810 tenebitur
1140 743 1278 811 reddere
1295 753 1328 811 et
1341 745 1486 815 restituere

381 847 436 914 die
452 849 494 915 ad
510 848 573 917 hoe
588 868 647 932 per
673 850 779 935 ipsam
811 849 1015 917 Conuentnm
1040 858 1204 919 annotans
1235 851 1371 920 Posthee
1398 859 1486 920 anbn

380 963 491 1039 partes
507 957 541 1022 in
556 955 682 1024 oomnis
698 956 811 1024 Sancti
826 956 955 1025 Nieolai
972 957 1016 1023 ad
1036 960 1282 1043 responsionem
1296 961 1406 1027 iterato
1420 979 1486 1028 eon-

378 1061 539 1146 parebont
553 1083 662 1130 eoram
678 1063 921 1131 antemnarum
946 1065 1135 1134 Bodeseria
1165 1073 1259 1134 sexta
1289 1075 1362 1151 post
1390 1065 1486 1134 imtnn

379 1167 571 1238 Sanctorum
588 1170 655 1236 Viti
672 1178 704 1238 et
719 1169 868 1240 Modesti.

486 1276 642 1344 Kivbl:
659 1279 847 1346 Memoriale
863 1299 921 1362 pro
937 1279 1096 1366 Magistro
1128 1278 1279 1346 Conrado
1310 1287 1418 1347 eontra
1442 1280 1486 1345 lli·

377 1383 523 1451 eboelem
540 1385 640 1452 filium
659 1386 793 1452 Alberti.

376 1581 514 1644 (Eredetie
533 1581 735 1648 berhtwine
753 1581 833 1636 haltai
846 1585 896 1634 oda
909 1591 1037 1649 nyomott
1052 1581 1198 1649 pecsdtnek
1227 1582 1290 1648 meg
1318 1584 1438 1649 meglbrli
1457 1589 1489 1634 te

375 1671 495 1724 reddken
507 1689 525 1723 s
538 1672 630 1739 kirtly
648 1673 801 1738 alakjtlnslr
813 1673 886 1724 resse
899 1671 1001 1724 ldtssik
1014 1671 1083 1737 mig,
1097 1673 1130 1722 de
1143 1687 1159 1721 a
1172 1670 1307 1724 korourts
1321 1673 1422 1734 eltirnt;
1434 1689 1449 1723 a
1460 1690 1488 1726 m.

700 1763 725 1812 b,
745 1761 841 1825 Κέω]
861 1759 954 1812 cssldd
975 1757 1182 1824 levelrtrtban.)

830 2025 1045 2035 ----

899 2293 973 2359 319.

379 2493 630 2578 Tbrve'oylreee'ei
646 2491 787 2574 oknariny
805 2465 909 2553 (le-dri
926 2487 1066 2552 Koara'd
1082 2497 1192 2552 mester
1210 2489 1241 2551 e‘e
1256 2489 1359 2554 Jdnos
1384 2485 1487 2549 No'rro'-

717 2598 843 2678 rtokfio
861 2599 939 2662 lebat.
958 2574 1008 2658 lio
1024 2595 1142 2660 atterat.

476 2796 597 2860 Datum
614 2812 672 2876 pro
700 2790 865 2876 memoria,
882 2789 968 2872 quod
985 2809 1057 2854 eum
1074 2787 1233 2870 Magister
1250 2785 1424 2853 Oerlardns
1452 2785 1488 2849 de

369 2903 469 2970 Owar
493 2903 535 2967 in
559 2899 775 2965 Generali
810 2895 1187 2981 Congregoeione
1226 2891 1395 2960 domini
1428 2892 1488 2957 lie

367 3011 448 3096 gis,
471 3029 595 3094 quam
621 3009 663 3071 in
687 3007 793 3071 Post
817 3025 906 3069 eum
931 3003 1197 3080 Batonibus,
1226 3000 1434 3066 Cumanis
1455 3004 1489 3063 et

367 3113 738 3201 elijsnobilibns
777 3111 919 3195 Regni
953 3109 1233 3194 celebrauit,
1273 3108 1403 3195 dixerit,
1440 3125 1490 3192 per

369 3225 551 3289 Jehannem
567 3221 669 3286 filium
685 3221 784 3286 Nona
799 3239 897 3283 unam
915 3219 1028 3283 uillam
1053 3237 1146 3284 snam
1179 3215 1317 3299 Nagueb
1349 3221 1489 3280 vooaten

366 3352 438 3397 esse
455 3331 663 3412 destructam,
680 3333 712 3391 et
728 3326 814 3408 quod
829 3325 914 3390 idem
931 3326 1098 3391 lohannes
1115 3323 1155 3389 de
1170 3323 1242 3407 ipsa
1258 3321 1490 3405 Congregaoio·
1533 3384 1536 3387 ,

364 3459 406 3504 ne
422 3457 458 3503 se
473 3436 673 3517 absentauit;
692 3453 758 3498 una
774 3453 847 3498 oum
865 3431 1043 3497 Beronibus
1060 3439 1092 3498 et
1109 3429 1185 3516 alijs
1201 3431 1367 3496 nobilibus
1392 3429 1480 3496 deors

364 3545 479 3628 nimus,
497 3539 582 3625 quod
598 3539 638 3605 de
653 3540 859 3626 possessione
876 3539 979 3623 ipsius
995 3537 1155 3605 iohannis
1171 3537 1206 3603 in
1238 3538 1363 3603 oetaeis
1396 3535 1484 3603 Beati

363 3649 514 3718 Barnabe
530 3647 682 3732 Apostoli
699 3649 732 3711 in
752 3647 1024 3731 congregacione,
1041 3665 1137 3728 quam
1164 3641 1314 3709 dominos
1345 3643 1417 3708 Rex
1446 3643 1488 3708 ia·
1579 3615 1581 3704 l

364 3759 429 3821 ciet
446 3763 525 3841 aput
541 3755 669 3838 Albam,
687 3753 845 3836 Magistro
861 3751 1015 3818 Borlardo
1031 3772 1090 3836 pro
1106 3751 1174 3816 suis
1201 3748 1352 3836 dampnis
1370 3755 1400 3816 et
1415 3749 1487 3814 irrin-
1580 3813 1581 3816 ,

362 3865 421 3948 rijs
438 3864 598 3931 iusticiam
616 3861 781 3946 iaciemus,
799 3868 894 3944 prout
908 3861 1096 3946 expostulat
1113 3859 1191 3925 iuris
1208 3857 1296 3924 ordo.
1322 3857 1444 3923 Datum
1458 3856 1486 3919 in
1579 3889 1581 3900 ι

367 3973 443 4037 Pest
458 3971 491 4034 in
508 3971 591 4036 festo
606 3969 755 4034 Bersabe
772 3968 933 4052 Apostoli.

470 4077 501 4141 Κ
512 4077 521 4140 i
533 4074 605 4140 vill
618 4092 624 4132 :
639 4076 701 4139 Pro
718 4073 874 4157 Magistro
891 4072 1045 4138 Corlardo
1062 4079 1175 4139 eontra
1189 4070 1372 4138 iohannem
1390 4073 1484 4138 filium

359 4179 462 4248 Nana.

357 4369 497 4437 (Eredetie
516 4373 690 4443 bb'rhdrtydn‚
716 4391 732 4427 a
751 4376 844 4443 peesdt
862 4377 1007 4438 elveszett;
1023 4391 1039 4426 a
1062 4393 1096 4426 m.
1117 4377 1142 4426 b.
1161 4375 1257 4442 Βόα]
1288 4373 1383 4427 cssldd
1407 4371 1483 4426 levil-

850 4462 989 4528 tdrdban.)

813 4625 1028 4636 ι-----

1578 4507 1581 4618 l

1579 4633 1581 4660 l

1578 4685 1581 4734 l

1579 4735 1581 4802 l

1579 4919 1581 5000 r

1568 5089 1581 5177 l
