3124 5194
909 351 974 414 170

364 547 470 616 'Libad
486 545 615 612 nomine
631 564 703 631 suo,
734 549 766 611 et
780 545 854 610 vice
885 565 924 610 ae
955 546 1086 613 nomine
1118 536 1299 622 Michaelis,
1328 534 1483 612 Pougracs

369 661 402 722 et
417 649 639 738 Christophori
664 649 799 716 liliorum
824 671 953 718 suorum
986 652 1029 720 ad
1059 656 1204 717 nostram
1234 641 1390 710 accedeus
1415 653 1485 721 prc-

368 760 522 845 seuciam,
549 757 712 842 quandam
742 759 979 844 possessionem
1010 779 1070 827 seu
1098 763 1219 823 terram
1250 770 1343 818 suam
1369 741 1487 810 heredi·

369 866 486 933 teriam
512 863 691 951 Hydegkut
724 871 885 949 uocatam,
918 885 991 932 cum
1023 864 1173 931 omnibus
1204 856 1395 926 utilitatibus
1423 849 1491 918 suis

370 981 404 1040 et
428 971 652 1060 pertinenciis,
676 971 828 1038 uidelicet
857 972 964 1041 teneto
995 979 1029 1039 et
1057 975 1171 1060 sylua3
1196 986 1257 1035 uec
1290 969 1490 1031 centenam

359 1081 581 1148 discretorum
622 1079 762 1146 virorum
793 1081 932 1166 Capituli
968 1079 1116 1147 Ecclesie
1146 1071 1379 1160 strigoniensis
1407 1063 1494 1132 Giar-

373 1197 439 1256 mat
463 1195 609 1255 vocatam
619 1237 629 1271 ,
654 1207 713 1272 per
743 1186 934 1271 Magistrum
954 1187 1042 1254 Petri
1060 1187 1238 1272 Nepotem,
1269 1173 1495 1248 videlieetBel-

371 1298 407 1365 la
421 1301 648 1383 nuncupatum,
665 1295 824 1359 iacentem
846 1300 880 1361 et
913 1296 1124 1380 existentem,
1152 1294 1323 1360 confessus
1357 1300 1404 1358 est
1426 1311 1495 1357 uen-

373 1403 497 1471 didisse
513 1421 627 1469 uouem
645 1401 772 1484 marcis,
786 1399 884 1485 plene
901 1399 1025 1469 habitis
1042 1408 1075 1467 ct
1101 1401 1249 1486 receptis,
1276 1399 1385 1465 eidem
1401 1398 1495 1483 Magi-

372 1522 439 1580 stro
455 1511 550 1580 Petro
565 1509 684 1593 Nepoti
701 1507 862 1592 videlicet,
877 1515 909 1574 ct
924 1527 982 1595 per
999 1527 1074 1576 cum
1085 1509 1151 1576 suis
1170 1506 1415 1595 posteritatibus
1430 1511 1495 1574 inre

374 1626 529 1706 perpetuo
560 1625 592 1685 et
621 1614 881 1685 irrsuoeabilitcr
920 1616 1162 1701 possidendam,
1188 1615 1365 1682 tenendam
1389 1621 1420 1678 et
1440 1613 1497 1680 ha-

374 1729 525 1795 bendam.
542 1727 631 1794 Meta
646 1727 742 1794 huius
773 1734 860 1793 terre
876 1725 1056 1811 Hydcglrut
1082 1731 1198 1794 uocate
1222 1724 1341 1810 incipit
1365 1744 1387 1789 a
1411 1731 1498 1807 parto

373 1832 581 1902 meridionali
603 1853 624 1898 a
647 1838 736 1900 terra
760 1833 876 1916 Mnsla,
913 1839 944 1898 et
970 1831 1062 1898 uadit
1086 1831 1177 1898 iuxta
1202 1840 1324 1899 terram
1352 1828 1492 1899 eiusdem

375 1941 526 2025 Magistri
558 1941 657 2020 Petri,
681 1939 774 2005 Bella
798 1946 1033 2025 nuncupatam,
1059 1945 1091 2004 et
1117 1936 1303 2006 extenditur
1329 1957 1430 2022 usque
1455 1935 1498 2001 ad

376 2048 540 2132 quandam
556 2045 675 2112 vallem
690 2043 841 2128 Nyarods
853 2045 1032 2129 uulgaritcr
1040 2047 1241 2112 nominatam
1252 2063 1368 2112 uersus
1378 2051 1494 2129 partem

375 2155 692 2241 septemtrionalem
707 2158 740 2218 et
755 2151 800 2218 ibi
815 2158 990 2237 separatur
1006 2171 1064 2220 seu
1080 2152 1291 2236 distinguitur
1306 2173 1327 2218 a
1356 2151 1496 2238 predicta

249 2273 254 2286 ¹
375 2270 461 2328 terra
475 2259 776 2330 LibadWenceslai
791 2259 991 2348 supradicta,
1006 2261 1074 2328 illic
1101 2259 1367 2328 determinandus
1395 2255 1491 2345 (lgy);

379 2376 509 2455 aparte
524 2389 602 2436 uero
618 2369 767 2434 orientali
783 2373 870 2434 terra
896 2368 1043 2454 superius
1069 2369 1158 2435 dicta
1184 2369 1332 2436 Giarmat
1359 2367 1494 2439 ciusdem

377 2475 520 2561 Capituli
551 2475 695 2542 Ecclesic
725 2474 959 2558 Strigoniensis
984 2474 1156 2541 vicinatur.
1182 2478 1335 2543 Preterea
1372 2477 1495 2563 insuper
1548 2517 1553 2525 ·

377 2584 463 2650 idem
480 2583 689 2649 Weuceslaus
704 2587 771 2648 tam
787 2600 846 2668 pro
863 2600 909 2664 se,
927 2601 1023 2665 quam
1049 2603 1107 2668 pro
1134 2583 1211 2672 suis,
1237 2583 1371 2651 firmiter
1397 2590 1427 2650 et
1450 2605 1494 2654 so-

377 2692 527 2758 lemniter
541 2692 731 2775 assumpsit,
749 2691 855 2774 ipsum
869 2692 1061 2773 Magistrum
1076 2692 1207 2758 Petrum
1230 2701 1263 2760 et
1292 2714 1370 2761 snos
1395 2701 1490 2780 poste-

378 2817 432 2866 ros
447 2803 576 2865 racione
593 2797 738 2881 predicte
754 2803 839 2863 terre
865 2796 1044 2882 Hydegkut
1059 2805 1173 2864 vocate
1199 2800 1355 2886 expedire
1375 2803 1440 2867 suis
1455 2801 1493 2867 la·

378 2903 510 2972 boribus
526 2911 558 2970 et
574 2902 737 2988 expensis.
755 2889 794 2968 ln
811 2903 900 2969 euius
917 2903 964 2969 rci
991 2905 1178 2972 memoriam
1203 2914 1235 2973 et
1250 2913 1437 2993 perpetuam
1451 2909 1494 2974 lir-

379 3011 533 3098 mitatem,
551 3011 594 3077 ad
609 3010 803 3096 peticionem
829 3017 861 3076 et
886 3009 1081 3078 instanciam
1106 3013 1252 3098 parcium
1277 3016 1492 3099 predictarum,

379 3127 545 3210 presentes
564 3119 798 3206 concessimus,
830 3118 931 3204 sigilli
957 3120 1058 3187 nostri
1082 3123 1258 3189 munimine
1283 3127 1491 3209 consignatas.

378 3231 500 3295 Datum
542 3247 628 3293 anno
659 3227 791 3294 Domini
831 3226 1002 3294 millesimo
1033 3230 1252 3297 ducentesimo
1294 3233 1491 3317 nonagesimo

380 3341 504 3420 quarto,
521 3334 657 3418 septimo
673 3333 749 3399 idue
764 3333 966 3400 Novembris.

380 3531 481 3596 (XVII.
495 3529 602 3582 audradi
615 3528 777 3583 mtsolscbol
791 3529 886 3582 Kuauz
901 3529 1018 3592 Mindon,
1032 3533 1149 3598 Magyur
1163 3531 1227 3583 Sion
1242 3535 1296 3584 111.
1321 3536 1375 3586 ket.
1397 3534 1453 3583 860.
1466 3530 1492 3594 l.)
