3180 5202
583 866 660 931 322.

48 1061 302 1150 Tilwbnylrezdsi
317 1065 498 1142 lrotcr'rozat,
515 1063 594 1147 moly
612 1063 742 1128 ditatae
754 1062 917 1148 Eoedfiai
933 1066 963 1130 έε
981 1064 1083 1132 Keled
1098 1066 1186 1132 kdztr‘

190 1171 313 1255 pernelr
332 1170 490 1236 attestato
505 1168 594 1254 ojbdl
610 1170 841 1238 ellalaezratil.
860 1149 908 1237 lde
924 1171 1040 1236 nollit.

159 1363 268 1430 Datur
284 1385 343 1449 pro
360 1367 525 1450 memoria,
542 1365 627 1450 quod
642 1384 775 1431 eausam
791 1383 888 1448 quam
900 1364 933 1430 iu
950 1365 1075 1432 ootauis
1091 1365 1185 1432 Beati

44 1471 224 1538 Michaelis
238 1470 437 1555 Archangeli
454 1471 566 1538 Comes
585 1471 709 1538 Kemen
725 1472 811 1539 lilius
828 1471 929 1555 moed,
941 1479 974 1538 et
985 1471 1090 1538 Keled
1102 1471 1188 1539 filius

46 1577 161 1647 Keled
179 1577 346 1646 habebant
364 1581 593 1662 emanuelis,
612 1580 683 1665 pari
715 1580 885 1647 uoluntate
916 1577 1111 1646 distulerunt
1142 1580 1185 1646 ad

44 1686 255 1768 quindenam
271 1686 383 1753 Saueti
398 1687 530 1754 Martini
545 1689 590 1755 ad
600 1686 849 1774 peremptoriam
864 1685 1117 1772 responsionem
1129 1687 1185 1766 ita,

46 1793 185 1876 quodsi
202 1792 310 1860 medio
327 1799 472 1877 tempore
489 1814 547 1880 per
563 1795 732 1862 arbitrium
757 1793 892 1860 Comitis
916 1795 1002 1860 Dees
1035 1791 1076 1860 de
1106 1793 1186 1858 Her·

47 1919 140 1984 man,
158 1900 290 1968 Andree
306 1901 363 1986 filij
380 1903 518 1990 Budroe,
535 1903 635 1988 Myle
651 1903 708 1986 filij
726 1903 817 1987 Jaao,
844 1899 977 1969 Andree
995 1897 1066 1966 ¹tilii
1097 1898 1187 1964 Petri

50 2027 114 2096 pro
132 2015 229 2092 parte
245 2006 382 2076 Comitis
399 2011 533 2091 Romen,
550 2009 685 2078 Comitis
700 2012 817 2094 Frauq
843 2009 950 2077 Pouse
981 2004 1113 2074 Comitis
1146 2004 1186 2070 de

49 2116 174 2201 Boron,
190 2117 297 2183 Pouee
314 2115 356 2182 de
372 2117 541 2201 Pungarth
559 2125 591 2184 et
606 2116 768 2184 lohannis
783 2117 829 2184 fili
846 2114 1031 2198 Laurendj,
1049 2110 1104 2178 uel
1120 2111 1187 2179 sin·

51 2225 207 2309 gulorum
222 2222 440 2307 predictorum
457 2225 498 2292 de
515 2226 660 2308 qualibet
676 2231 768 2310 parte
800 2229 953 2308 poterunt
985 2218 1183 2288 concordare

1 2345 2 2348 ’
50 2329 86 2395 in
102 2329 357 2398 Castro-Ferreo
375 2334 408 2397 in
426 2333 601 2416 quindenis
619 2333 768 2400 Omnium
795 2331 997 2415 Sanctorum,
1022 2329 1104 2394 bene
1121 2323 1188 2408 qui·

1 2481 2 2526 4
51 2435 147 2522 dem3
166 2437 360 2520 alioquinin
378 2437 553 2520 quindenis
570 2439 681 2506 Sauoti
697 2437 830 2504 Martini
845 2455 955 2504 eoram
971 2433 1066 2501 nobis
1098 2451 1182 2498 eom-

1 2569 2 2639 ]
53 2546 219 2632 parebunt
236 2547 451 2628 peremptorie
468 2565 673 2630 responsuro.
697 2547 779 2612 Pars
795 2543 945 2612 resiliens
977 2540 1017 2606 de
1047 2538 1184 2607 arbitrio

53 2653 275 2738 predictorum
293 2657 379 2735 parti
396 2655 551 2724 toleranti
569 2656 674 2722 soluet
706 2653 816 2720 decem
849 2669 977 2716 mareas
1009 2656 1042 2714 et
1072 2644 1188 2712 seriem

54 2763 136 2828 faeti
153 2765 187 2830 in
205 2765 322 2834 litteris
338 2763 481 2849 Capituli
498 2760 538 2828 de
555 2761 668 2828 Castro
685 2763 804 2826 Ferreo
829 2765 939 2843 partes
970 2753 1188 2840 reportabunt.

1 2869 2 2872 ’
167 2857 1186 2955 Kivu11·tlugyanazonkezzldquindenassmeti

1 3001 3 3078 p
54 2977 189 3043 Martini
205 2985 320 3044 eontra
334 2977 438 3043 Keled
454 2977 554 3043 lilium
572 2973 687 3040 ltelod.
771 2982 778 2995 '

1 3154 5 3164 ’
54 3173 198 3238 (Eredetie
221 3172 397 3240 bdrhdrtydu.
421 3173 535 3238 melyrltl
557 3187 575 3223 a
595 3166 735 3236 udrpeosdt
755 3165 812 3220 mir
833 3166 970 3226 lelrullott‚
990 3179 1007 3214 a
1026 3177 1108 3212 uemz.
1130 3175 1189 3209 mu-

448 3279 526 3313 seum
545 3257 782 3312 lrdrirattdre'aban.l

518 3545 731 3556 —.—-—--—

591 3971 668 4037 323.

10 4125 13 4133 Ι
61 4171 310 4257 To'roeopkezdai
326 4171 503 4247 lotdrozat,
520 4171 602 4256 hopy
618 4192 656 4232 aa
672 4167 759 4233 Eleo
767 4167 837 4249 fiai
851 4172 882 4230 e's
907 4165 1004 4231 Kelol
1028 4166 1111 4231 loeti
1131 4190 1189 4252 per

231 4276 402 4342 eorauoo
418 4275 512 4340 rore
529 4273 612 4340 eoo
628 4275 819 4340 erectione.
838 4251 887 4338 rie
903 4271 1018 4338 nomi.

167 4473 273 4540 Datur
288 4490 347 4557 pro
364 4468 527 4554 memoria,
545 4467 628 4553 quod
648 4485 782 4535 eausam
798 4485 860 4551 que
876 4467 910 4533 iu
926 4465 1052 4534 oetaeis
1076 4464 1189 4534 Sauoti

60 4577 241 4667 llyehaelis
258 4576 457 4663 Arelraugeli
474 4577 557 4646 inter
573 4572 732 4643 Comitem
747 4575 941 4661 Kemyuum,
967 4571 1063 4642 (llrak
1078 4578 1110 4640 et
1125 4573 1185 4641 Re-
